2820 4770
639 199 740 252 aanor
763 200 784 250 r.
1242 174 1280 254 17

134 381 167 434 et
183 373 264 438 circa
279 381 337 436 stet
352 374 516 436 veneranda
531 380 666 436 senem’:
684 377 721 436 cl.
739 376 882 454 borghesi
898 396 966 457 opp.
981 377 1120 437 numism.
1131 377 1143 437 l
1155 361 1184 457 p.
1197 374 1279 456 413),

135 495 269 556 cumque
297 494 376 537 anno
404 473 466 538 729
495 477 539 537 vel
567 474 630 538 730
651 477 747 538 XVrir
774 479 869 538 lactus
897 477 944 555 (ol.
969 478 1077 539 Tibulli
1100 476 1177 558 115)
1208 478 1279 539 adu-

135 575 256 639 lescens
289 577 454 639 octodecim
484 579 548 638 lere
575 597 721 639 annorum
748 578 943 658 probabiliter
971 587 1114 641 statuatur
1143 600 1159 640 a
1187 579 1281 640 Laclr-

137 697 264 750 manuo,
292 681 351 739 iam
380 680 482 758 paucis
510 681 595 740 annis
623 687 692 759 post
719 681 835 740 iuvenis
862 682 933 740 satis
962 688 1042 742 recte
1066 680 1279 760 appellabatur.

136 779 175 840 Μ.
200 779 347 860 Hauptius
379 779 458 840 obss.
493 782 569 841 critt.
600 799 628 859 p.
653 777 673 841 6
700 781 778 858 qnod
802 780 943 841 Merkelio
978 779 1064 860 (prol.
1093 782 1130 842 ad
1162 782 1227 842 lbin
1250 801 1278 861 p.

135 876 201 941 367
218 879 293 960 sqq.)
317 887 399 942 recte
422 881 592 941 adversatus
615 881 726 942 ‘multo
749 883 908 960 posteriori
930 883 1073 961 tempori’
1099 900 1186 960 quam
1208 883 1280 943 Cor·

136 981 211 1042 nelli
239 982 315 1043 Galli
347 987 484 1042 ‘carmen
517 983 637 1047 minime
670 982 783 1043 bonum
816 980 1040 1043 ascribendum’
1075 1001 1139 1043 esse
1172 983 1284 1044 iudicat

137 1099 229 1159 quam
263 1082 383 1143 deliniat
414 1091 540 1144 aetatem
573 1085 683 1144 nescio.
728 1083 878 1144 Leutscbii
913 1085 1083 1163 opinionem
1113 1086 1144 1144 in
1172 1082 1279 1144 annali.
1352 1156 1356 1161 Ι

137 1181 222 1261 phili.
246 1181 341 1263 suppl.
359 1182 425 1242 lla.
452 1180 533 1244 1833
556 1203 584 1263 p.
601 1180 665 1245 620
687 1185 723 1244 de
747 1184 863 1264 tripode
886 1186 1117 1263 pronuntiatam,
1142 1184 1281 1245 lladriani

109 1328 113 1336 ,
137 1283 325 1364 temporibus
356 1284 435 1344 Cirin
462 1293 585 1365 propter
612 1285 805 1364 periodorum
832 1287 978 1346 rationem
1006 1285 1195 1347 tribuendam
1218 1303 1282 1345 esse

138 1385 319 1446 refutatione
346 1385 497 1465 indignam
527 1385 616 1446 bodie
645 1405 712 1447 esse
744 1386 829 1447 duco.
875 1386 953 1466 quod
983 1396 1080 1447 autem
1110 1388 1140 1446 in
1163 1382 1283 1446 scholiis

140 1485 292 1547 Servianis
321 1486 451 1547 Danielis
481 1487 518 1547 ad
548 1487 602 1548 ecl.
633 1485 712 1548 Vl3
740 1489 854 1548 incerto
889 1496 1011 1549 auctore
1044 1496 1181 1548 narratur
1216 1487 1282 1547 ‘alii

140 1586 269 1668 Scyllam
292 1591 378 1648 cum'
407 1586 588 1668 (Vergilium)
613 1567 762 1649 ‘scribere
786 1590 919 1668 coepisse
942 1588 1059 1659 dicunt,
1082 1591 1113 1648 in
1130 1607 1188 1668 quo
1204 1588 1282 1648 libro

143 1688 202 1749 Nisi
230 1695 261 1748 et
281 1688 388 1750 Minois
416 1689 495 1767 regis
524 1689 709 1750 Cretensium
739 1689 848 1749 bellom
876 1689 1078 1751 describebat’
1108 1691 1155 1751 rel
1183 1691 1282 1749 fictum

144 1788 187 1848 rel
209 1788 314 1850 callide
336 1790 498 1851 adhibitum
522 1789 559 1850 ab
583 1810 618 1850 eo
641 1793 690 1870 qui
712 1793 866 1870 supposito
889 1790 1080 1852 illustrissimi
1102 1798 1208 1871 poetae
1228 1808 1281 1850 no·

147 1891 222 1950 mine
244 1891 274 1951 in
296 1892 431 1952 lraudem
455 1890 556 1970 vulgus
579 1890 698 1952 allicere
727 1892 847 1952 studuit.
892 1911 979 1953 verus
1001 1900 1104 1953 auctor
1124 1891 1284 1952 mediocris

149 1991 243 2053 nescio
266 1993 332 2070 quis
355 1999 441 2070 poeta
465 1993 528 2062 luit,
552 1993 601 2071 qui
624 1992 825 2071 despoliandis
845 1994 959 2070 magnis
974 1990 1152 2063 auctoribus,
1169 1990 1283 2053 Catullo

153 2093 269 2153 maxime
292 2101 321 2153 et
344 2091 485 2170 Vergilio,
516 2092 560 2153 vel
588 2093 743 2154 sublevare
771 2095 816 2154 sui
844 2094 973 2172 inopiam
1002 2093 1111 2171 ingenii
1140 2093 1183 2152 vel
1206 2093 1284 2153 inter

156 2201 241 2254 uetera
263 2194 373 2272 scripta
395 2193 491 2253 locum
513 2192 589 2254 libro
611 2212 665 2254 suo
687 2212 860 2272 comparare
883 2192 982 2255 voluit.
1021 2202 1152 2256 ceterum
1174 2211 1281 2254 nomen

159 2295 270 2356 auctoris
292 2295 403 2356 trustra
426 2313 564 2373 quaeres:
593 2294 667 2355 lulio
689 2295 829 2355 lllontano
851 2295 969 2373 quidem
993 2313 1080 2373 quem
1103 2293 1167 2354 ‘vel
1187 2296 1281 2373 impa-

161 2395 226 2456 ribus
255 2397 388 2457 numeris
420 2395 465 2455 vel
491 2397 593 2474 aequis
625 2395 784 2469 ‘sufficere
813 2404 842 2455 et
868 2396 985 2473 gemino
1014 2395 1145 2455 carmine
1173 2412 1281 2454 nomen

122 2508 125 2530 ²
163 2497 269 2557 lubere’
299 2496 371 2557 dicit
392 2497 514 2557 Ovidius
536 2515 572 2556 ex
595 2497 688 2558 Ponto
711 2497 749 2557 IV
773 2493 821 2571 16,
847 2495 885 2556 11
909 2514 962 2574 sq,
994 2514 1063 2556 cave
1086 2514 1124 2556 ne
1146 2495 1280 2555 iraudem

164 2601 274 2677 inputes,
305 2600 372 2676 quia
396 2597 594 2659 inuolaturum
617 2616 650 2658 se
673 2616 739 2658 esse
762 2597 889 2674 Vergilio
912 2597 1057 2674 quaedam
1080 2597 1158 2655 si-et
1180 2613 1282 2655 vocem

165 2705 244 2778 posset
265 2708 294 2759 ct
316 2699 483 2779 hypocrisin
507 2700 615 2759 dixisse
638 2706 776 2759 narratur
797 2699 828 2758 in
851 2700 907 2758 vita
930 2698 1109 2758 Suetoniana
1131 2716 1161 2776 p.
1183 2693 1223 2756 61
1247 2697 1281 2756 R.

166 2800 347 2860 obscuriorem
374 2801 465 2860 luisse
496 2799 674 2879 putaverim,
704 2817 738 2859 ac
761 2799 885 2860 fortasse
909 2798 994 2858 latuit
1020 2800 1098 2858 inter
1126 2798 1282 2857 ‘iuvenes’

166 2900 222 2970 illos,
243 2919 368 2978 quorum
393 2901 469 2978 quod
491 2900 600 2961 inedita
624 2919 695 2960 cura
718 2907 797 2960 esset
819 2898 1060 2978 adpellandorum
1076 2897 1118 2958 nil
1134 2897 1190 2958 sibi
1212 2898 1283 2957 iuris

168 3001 248 3061 adesse
268 3001 421 3080 professus
444 3009 489 3061 est
510 3000 629 3062 Ovidius
652 3019 677 3060 r.
701 2998 743 3061 39
765 3019 809 3079 sq.

230 3102 405 3163 Narraverat
434 3101 567 3178 (testibus
595 3101 746 3161 Eustathio
778 3109 806 3161 et
834 3100 988 3160 scholiasta
1017 3099 1054 3160 ad
1078 3102 1205 3181 Dionysii
1228 3100 1282 3160 Pe·

169 3204 221 3279 rieg.
235 3199 306 3281 430)
332 3202 456 3262 eandem
479 3200 608 3262 tabulam
631 3204 662 3261 in
686 3201 973 3281 metamorphosibus
990 3201 1169 3263 Parthenius
1184 3210 1281 3281 poeta,

173 3305 203 3377 qui
220 3301 319 3362 Mureti
348 3321 464 3382 quoque
487 3302 592 3362 Graeci
620 3301 712 3380 idyllii
741 3312 844 3363 auctor
872 3303 962 3362 luisse
990 3303 1131 3372 traditur,
1160 3321 1215 3362 nec
1238 3303 1282 3361 in·

179 3403 328 3464 robabilem
356 3403 520 3464 Meinelrius
549 3403 624 3463 anal.
655 3403 736 3464 Alex.
760 3422 788 3481 p.
812 3400 874 3462 273
903 3402 975 3462 dicit
1002 3403 1107 3481 Heynii
1134 3405 1282 3463 coniectu·

185 3503 276 3572 mad
300 3502 378 3564 illius
402 3502 568 3582 exemplum
585 3504 720 3565 Latinum
744 3521 864 3563 carmen
887 3505 1082 3582 compositum
1104 3522 1179 3573 esse,
1203 3503 1282 3581 quod

191 3613 269 3664 rtasse
292 3604 369 3665 hanc
391 3607 485 3683 ipsam
509 3604 546 3664 ob
570 3624 686 3666 causam
711 3603 839 3682 Vergilio
862 3611 893 3663 ut
915 3603 1034 3663 alumno
1055 3604 1207 3664 Parthenii
1229 3606 1281 3664 tri-

197 3712 247 3765 tum
274 3715 328 3766 est.
374 3725 551 3784 quamquam
575 3704 785 3766 Callimachum
812 3722 944 3783 quoque,
974 3705 1098 3764 aculus
1119 3705 1281 3764 imitatione

204 3814 278 3866 trum
301 3806 430 3866 alionum
454 3825 513 3866 rron
537 3826 602 3868 csse
625 3801 888 3867 evincentem
912 3822 966 3882 sq.‚
989 3806 1020 3864 in
1043 3805 1132 3864 uictu
1155 3803 1280 3882 Scyllam

212 3908 304 3966 ruisse
329 3925 365 3966 ex
387 3907 526 3968 Martialis
541 3907 567 3968 X
580 3904 602 3966 4
616 3907 801 3967 concluditur
820 3905 868 3985 (cl.
885 3903 1056 3966 Callimachi
1072 3907 1107 3966 lr.
1124 3907 1182 3965 inc.
1201 3901 1280 3981 184).

215 4012 309 4067 raeco
333 4010 447 4068 auctori
469 4010 556 4068 etiam
579 4006 744 4086 Palaephati
768 4009 1079 4068 commemorationem
1102 4005 1138 4084 (v.
1157 4001 1207 4083 88)
1231 4004 1280 4063 de-

233 4110 414 4187 putaverim,
445 4109 504 4168 sire
534 4108 583 4168 ille
611 4115 698 4186 poeta
727 4109 787 4168 sive
816 4107 994 4169 mirabilium
1018 4107 1144 4184 scriptor
1165 4103 1280 4165 intelle-

230 4228 257 4268 1s
290 4219 344 4269 est.
390 4216 520 4268 ceterum
555 4209 686 4269 locorum
718 4218 747 4268 ct
780 4209 943 4270 insularum
970 4226 1046 4288 quae
1075 4224 1100 4266 v.
1129 4202 1194 4266 470
1215 4224 1280 4284 sqq.

235 4325 353 4375 aaaron,
373 4325 490 4362 venero.
512 4325 551 4361 rr.
1058 4304 1080 4367 2
