2820 4770
143 282 206 328 XIV
599 277 805 326 PRAEFATIO.

64 508 67 513 .
137 449 189 513 vel
212 449 259 512 sic
281 447 475 513 tribuendae
497 454 609 528 erunt,
633 454 666 510 et
680 446 834 533 quoniam
856 466 930 508 cum
953 444 1121 509 Servianis
1144 444 1280 508 scholiis

135 549 308 613 coniuncta
338 557 430 628 sunt,
459 547 511 611 cui
539 546 672 611 tandem
699 569 758 632 per
786 568 821 610 se
849 545 1053 631 probabilius
1082 566 1179 629 quam
1212 542 1280 628 ipsi

135 647 249 714 Servio
271 647 481 714 tribuantur?
503 647 561 733 qui
584 647 613 710 si
635 656 703 711 tam
725 648 823 711 inane
846 645 1038 711 eruditionis
1061 655 1280 709 commentum

63 826 65 835 x
134 750 335 835 reliquisset,
359 747 454 834 quale
476 750 511 812 in
533 749 676 833 vulgatis
699 748 867 813 codicibus
891 748 979 812 etin
1001 746 1151 811 'Philonis
1174 743 1279 831 speci-

135 851 224 914 mine
245 848 340 940 Halis
363 849 552 914 11111866
580 848 666 916 edito
689 850 844 934 legimus,
866 870 1044 934 numquam
1066 869 1184 912 nomen
1207 846 1280 910 eius

134 950 189 1016 vel
209 952 276 1017 ista
296 960 404 1016 aetate
426 960 495 1016 tam
517 950 645 1017 illustre
666 951 795 1015 fuisset.
1000 1026 1007 1047 ς

219 1053 291 1119 Iam
318 1075 396 1118 vero
423 1053 504 1118 haec
533 1053 614 1116 mihi
641 1052 824 1117 considera.
869 1051 1060 1138 compilavit
1087 1050 1279 1115 Macrobius

136 1154 325 1219 Saturnalia
346 1164 404 1220 aut
425 1163 501 1240 post
523 1153 630 1219 editos
646 1153 755 1219 Servii
777 1153 1036 1233 commentarios,
1059 1161 1096 1216 ut
1117 1152 1189 1237 ipse
1212 1160 1280 1215 sta-

135 1264 209 1337 tuo,
240 1264 315 1336 aut,
343 1276 427 1340 quae
449 1253 597 1319 'Philonis
621 1254 690 1318 fere
713 1252 820 1341 opinio
830 1254 861 1339 *)
885 1261 950 1334 est,
978 1261 1152 1337 antequam
1181 1252 1216 1315 hi
1243 1254 1280 1316 in

136 1358 257 1440 vulgus
280 1356 361 1420 editi
384 1364 470 1420 sunt.
515 1354 578 1420 hoc
598 1364 636 1419 ut
658 1357 769 1420 verius
793 1377 865 1419 esse
886 1352 1066 1439 paullisper
1086 1353 1278 1439 largiamur,

133 1467 272 1543 putasne
294 1458 393 1521 tantis
416 1457 458 1521 ab
473 1455 531 1521 illo
546 1454 700 1521 laudibus
724 1455 846 1520 elatum
867 1463 1034 1542 tamquam
1055 1455 1141 1518 inter
1163 1476 1278 1521 omnes

134 1581 200 1624 non
222 1558 327 1623 solum
348 1558 507 1644 quitum,
531 1555 590 1620 sed
612 1557 669 1642 qui
690 1557 798 1643 priore
821 1545 920 1621 eliam
942 1579 1024 1621 aevo
1044 1556 1186 1641 Vergilii
1207 1579 1277 1620 car-

133 1661 276 1724 minibus
305 1681 438 1745 operam
466 1657 633 1738 dederint,
657 1658 804 1722 doctrina
826 1668 858 1722 et
879 1657 1000 1722 iudicio
1028 1667 1061 1723 et
1083 1660 1278 1723 auctoritate

133 1761 314 1848 principem
342 1759 400 1847 (cf.
422 1757 582 1845 prolegg.'
600 1781 632 1844 p.
659 1759 733 1843 104)
764 1768 832 1824 tam
860 1759 971 1823 ieiuna
997 1768 1031 1823 et
1058 1756 1137 1824 vilia
1159 1768 1278 1845 postea

134 1863 298 1926 editurum
320 1860 420 1925 fuisse
442 1860 553 1946 qualia
574 1882 659 1925 nunc
686 1859 722 1923 in
742 1860 934 1945 vulgaribus
962 1859 1056 1924 libris
1079 1860 1277 1925 traduntur?
1311 1871 1314 1875 ’

133 1973 265 2050 tamque
287 1962 471 2048 copiarum,
500 1983 581 2046 quas
602 1961 674 2047 ipse
702 1963 795 2047 quasi
817 1962 886 2025 dies
909 1961 1047 2047 ipsaque
1068 1963 1178 2047 patria
1200 1984 1277 2047 sup-

132 2065 328 2150 peditasset,
360 2064 510 2146 ignarum
542 2060 596 2128 vel
629 2063 829 2128 incuriosum
862 2071 994 2148 tamque
1026 2060 1132 2126 laudis
1165 2063 1276 2126 studio

135 2165 328 2232 destitutum
359 2163 479 2246 fuisse,
507 2172 544 2228 ut
570 2162 628 2227 illa
654 2185 797 2250 quoquc,
826 2186 910 2249 quae
937 2165 1041 2250 ipsius
1069 2162 1222 2229 laudator
1244 2173 1277 2227 ct

134 2266 313 2330 admirator
335 2264 429 2351 quasi
452 2264 493 2330 ab
515 2265 587 2351 ipso
602 2264 738 2329 collecta
752 2264 874 2331 tradita
888 2266 1023 2331 inventa
1036 2266 1133 2351 inque
1157 2265 1275 2329 doctis-

136 2367 290 2431 simorum
317 2367 483 2431 hominum
509 2367 716 2452 popularium
743 2375 838 2431 coetu
864 2366 983 2453 partim
1004 2367 1134 2453 prolata
1155 2367 1275 2452 partim

134 2469 248 2533 audita
270 2476 452 2533 ceterorum
474 2467 678 2533 sermonibus
699 2467 827 2550 effudit,
848 2467 903 2533 vel
924 2468 1090 2552 ignoraret
1110 2467 1164 2532 vel
1187 2490 1274 2554 sper-

132 2581 240 2652 neret,
268 2569 333 2633 nisi
360 2569 447 2633 forte
475 2569 510 2632 in
536 2590 713 2654 puerorum
734 2592 829 2634 usum
856 2570 1028 2634 tritissima
1049 2578 1178 2634 tantum
1201 2592 1272 2635 con-

132 2672 276 2736 scribere
304 2669 384 2734 satis
411 2670 550 2735 habuit?
578 2669 666 2755 quod
694 2693 735 2734 ne
764 2671 934 2736 credamus
956 2671 1023 2736 alia
1044 2670 1271 2737 reconditioris

136 2773 307 2839 doctrinae
328 2769 472 2835 frustula
493 2771 643 2856 quamvis
666 2772 824 2837 mutilata.
838 2782 962 2839 vetant.
1048 2826 1057 2837 1
1123 2799 1128 2811 “

220 2874 285 2939 Sed
308 2882 384 2937 ante
406 2871 602 2958 compositos
623 2895 646 2936 -a
667 2872 782 2939 Servio
804 2875 1053 2941 commentarios
1068 2874 1270 2941 Macrobium

132 2974 319 3041 Saturnalia
346 2971 577 3060 compilavisse
599 2996 660 3038 nec
680 2975 852 3058 probabile
875 2986 939 3059 est,
962 2977 1117 3063 quoniam
1138 3000 1174 3041 re
1196 2998 1271 3042 vera

131 3077 339 3163 provectiore
366 3084 445 3139 tunc
473 3083 580 3139 aetate
608 3097 682 3139 eum
708 3075 812 3141 fuisse
834 3078 1022 3144 Macrobius
1045 3080 1115 3165 ipsc
1139 3077 1210 3160 12,
1234 3079 1270 3142 15

133 3178 314 3264 significat,
347 3199 408 3242 nec
437 3175 592 3263 probavit
624 3175 729 3242 Thilo.
773 3179 891 3264 quodsi
920 3192 994 3267 post
1021 3180 1128 3251 editos
1161 3187 1269 3244 tantus

134 3279 323 3346 Macrobius
340 3277 518 3344 Servianae
539 3276 730 3351 eruditionis
753 3302 871 3365 praeco
895 3282 1014 3364 extitit,
1037 3283 1192 3347 ruborem
1212 3279 1270 3361 illi,

132 3379 195 3445 sibi
217 3381 320 3444 mirae
340 3379 555 3464 benignitatis
578 3376 827 3445 admirationem
849 3383 1028 3467 quaesivit,
1052 3383 1108 3468 qui
1130 3390 1273 3467 praeter-

132 3481 250 3546 missas
273 3479 394 3546 abillo
417 3479 583 3546 doctrinae
606 3481 717 3568 copias
743 3483 847 3548 amico
877 3482 948 3548 ludi
968 3486 1125 3568 magistro
1148 3483 1276 3548 scilicet

132 3590 298 3669 tamquam
328 3583 453 3669 priscos
477 3582 574 3647 etiam
596 3584 826 3666 grammaticos
849 3585 1018 3671 superanti
1039 3583 1272 3650 litteratorum·

199 3802 224 3869 *)
242 3805 412 3856 ‘Saturnalia
430 3819 484 3868 quo
498 3802 621 3871 tempore
640 3806 836 3857 conscribebat
847 3807 1004 3858 Macrobius
1016 3808 1127 3860 Servius
1146 3811 1195 3858 aut
1207 3823 1268 3862 non·
1313 3842 1315 3847 -

132 3889 195 3940 dum
216 3890 368 3956 scripserat
388 3891 598 3940 commentarios
619 3905 697 3954 suos,
725 3899 888 3956 quamquam
908 3891 1027 3956 Vergilii
1054 3883 1223 3943 carminibus
1243 3893 1267 3942 in

131 3974 242 4039 publico
258 3973 474 4040 interpretandis
490 3974 546 4024 iam
563 3991 690 4045 magnam
708 3976 826 4026 eximiae
844 3975 1006 4027 eruditionis
1019 3978 1121 4028 famam
1133 3978 1188 4029 sibi
1200 3993 1267 4028 com·

131 4062 290 4125 paraverat,
309 4064 358 4110 aut
371 4059 439 4110 editi
457 4058 568 4123 quidem
581 4060 780 4120 commentarii,
796 4060 845 4111 sed
863 4062 1005 4112 Macrobio
1018 4062 1158 4112 hominum
1170 4077 1266 4112 sermo·

131 4144 222 4211 nibus,
235 4159 290 4194 non
307 4142 425 4210 legendo
438 4143 557 4208 cogniti'
569 4161 596 4209 p.
606 4145 648 4196 60.
661 4160 775 4209 quorum
787 4144 860 4209 quod
871 4145 995 4196 ultimum
1008 4149 1100 4212 posuit
1113 4147 1147 4196 de
1162 4146 1268 4212 aequali

133 4233 161 4278 et
177 4228 305 4294 populari
322 4232 350 4280 et
367 4228 456 4279 amico
473 4231 501 4279 et
517 4227 729 4294 litteratissime,
742 4230 920 4296 Vergilianae
940 4233 1008 4282 artis
1025 4235 1108 4297 atque
1127 4231 1267 4285 doctrinae

133 4311 256 4364 studioso
269 4312 366 4364 credat
377 4312 497 4364 Iudaeus
508 4311 617 4378 Apella.
