2820 4770
101 2216 112 2605 l

101 2602 108 2655 ξ·
158 2575 237 2638 censis
268 2570 349 2635 7471
383 2572 492 2634 codicis
529 2575 723 2653 inscriptione
759 2577 890 2653 quamvis
928 2583 1059 2635 ceterum
1096 2572 1279 2633 incredibili:

101 2674 113 3109 l

645 281 745 322 carun
768 283 790 323 1.
1265 263 1286 322 5

127 451 266 535 priapeo
305 450 499 527 compositum
537 455 591 508 est.
642 447 799 510 vindicavit
832 448 888 508 boo
922 451 1020 528 ipsum
1057 449 1187 510 Naelcius
1221 452 1282 512 Cat.

138 570 169 628 p.
193 547 258 611 230
280 568 324 629 sq.
347 549 476 627 Vergilio
504 556 620 619 nostro,
651 567 706 609 neo
734 558 832 609 tamen
864 569 897 610 ea
920 553 999 611 inter
1020 558 1179 628 utrumque
1203 554 1283 612 simi·

139 650 234 712 litudo
262 649 448 711 intercedere
475 649 547 711 mibi
576 651 705 718 videtur,
734 659 765 711 ut
792 659 915 729 propter
944 652 1020 713 hanc
1043 651 1168 713 alterurn
1193 660 1226 713 ut
1248 672 1283 712 ex

139 753 306 813 imitatione
334 752 420 812 huius
449 770 623 832 expressum
646 752 696 811 alii
725 753 838 811 auctori
866 751 1093 831 relinquendum
1124 772 1187 815 esse
1210 754 1282 814 mibi

140 855 332 932 persuaserit.
376 872 441 912 narn
466 853 664 913 demonstrari
687 855 863 914 necessitate
886 863 1126 932 argumentorum
1151 862 1203 916 aut
1218 875 1284 916 esse

139 963 192 1015 aut
214 973 274 1015 non
297 973 361 1015 esse
383 955 583 1032 Vergilianum
612 961 752 1015 neutrum
775 961 881 1032 potest.
925 957 955 1014 in
978 956 1058 1014 tertii
1082 973 1106 1014 v.
1131 953 1149 1016 I
1173 959 1284 1017 notavit

137 1057 353 1133 Hortzbergius
375 1056 585 1136 synaloepham
607 1057 705 1115 minus
728 1054 902 1132 elegantem,
927 1056 978 1116 sed
1001 1064 1098 1116 tarnen
1122 1077 1138 1117 a
1161 1057 1283 1135 Vergilii

137 1167 204 1218 arte
233 1177 292 1218 non
321 1158 460 1227 alienam,
489 1159 569 1218 inv.
595 1155 633 1218 17
656 1157 791 1236 glyconei
819 1164 982 1217 extremam
1007 1156 1147 1237 syllabam
1172 1160 1283 1236 ancipi-

136 1267 209 1320 tem.
250 1260 370 1320 secundi
393 1279 418 1319 v.
445 1257 484 1319 12
505 1276 548 1335 sq.
574 1266 821 1336 comparaverunt
844 1277 911 1318 cum
934 1257 1052 1336 eclogae
1074 1259 1087 1319 Ι
1109 1279 1134 1318 v.
1151 1256 1201 1328 35,
1226 1277 1283 1336 qno

138 1368 239 1420 tamen
268 1378 323 1420 nec
352 1361 477 1421 eundem
506 1379 562 1421 nee
591 1360 724 1419 diversos
752 1361 908 1436 utriusque
937 1359 994 1419 loci
1024 1367 1161 1420 auctores
1191 1361 1283 1420 luisse

138 1462 294 1521 evincitur.
339 1464 467 1538 primum
492 1480 557 1522 cum
580 1461 708 1539 pessima
723 1463 754 1520 in
775 1463 872 1540 primo
889 1480 974 1522 versu
991 1460 1169 1540 synaloepha
1187 1460 1284 1535 l‘cere

138 1565 229 1623 roso'
254 1582 279 1623 e.
297 1583 323 1643 q.
342 1563 376 1642 s.)
399 1581 454 1623 nec
478 1561 607 1622 Naelcius
629 1581 806 1641 quemquam
824 1565 937 1624 Maroni
961 1562 1116 1640 adsignare
1140 1581 1280 1623 ausurum

139 1682 205 1724 esse
233 1665 359 1724 credidit
387 1670 415 1724 et
444 1664 480 1724 ad
503 1662 645 1724 Martialis
667 1664 730 1724 VIII
752 1661 794 1724 40
821 1665 1015 1724 imitationem
1046 1665 1155 1724 lactum
1184 1664 1283 1724 statuit

141 1763 341 1826 buechelerus
356 1783 429 1825 mus
446 1764 541 1825 Rhen.
557 1764 649 1824 XVIII
665 1784 692 1843 p.
710 1761 787 1826 415:
813 1772 912 1826 tamen
927 1765 1056 1843 Vergilio
1072 1764 1205 1825 tribuere
1221 1782 1280 1824 non

143 1866 284 1927 dubitavit
304 1866 525 1943 Hertzbergius.
727 1859 731 1864 ’

224 1968 380 2028 Praeterea
404 1966 520 2028 Tibullo
544 1975 619 2028 teste
643 1966 794 2044 Scaligero
817 1969 845 2028 iu
870 1969 1042 2029 membrana
1058 1969 1212 2030 Cuiaeiana
1230 1966 1280 2028 ad·

148 2071 267 2148 scriptos
288 2068 403 2129 iambos
427 2068 465 2149 (in
487 2069 650 2129 Burmanni
671 2067 781 2128 anthol.
798 2069 834 2128 VI
851 2065 907 2139 83,
930 2071 961 2128 in
976 2064 1215 2130 Lachmanniano
1231 2068 1283 2131 Ti.

150 2170 222 2232 bullo
244 2170 281 2230 IV
298 2166 347 2248 14)
371 2168 462 2230 Aldus
484 2170 530 2230 ‘in
554 2166 682 2249 antiquis
704 2168 806 2229 libris'
831 2167 964 2248 (fortasse
987 2173 1017 2230 in
1041 2173 1076 2250 Z)
1102 2170 1280 2248 ‘separatim

153 2273 182 2333 ab
202 2270 264 2331 aliis
282 2273 316 2330 in
339 2271 478 2350 Priapum
505 2270 621 2331 lusibus
643 2270 700 2331 sub
723 2269 835 2348 Virgilii
857 2259 977 2332 nomine
999 2271 1074 2349 Iegi'
1105 2278 1221 2339 narrat;
1252 2278 1281 2330 et

155 2374 280 2451 leguntur
308 2373 340 2431 in
368 2371 470 2432 codiee
492 2370 546 2431 XII
573 2370 688 2433 saeculi
706 2372 877 2432 Monacensi
902 2369 1094 2434 18059011111
1118 2373 1175 2433 hoe
1199 2370 1282 2432 titulo

156 2456 291 2552 lPriapeia
315 2463 445 2533 Maronis
467 2474 597 2552 incipit’,
623 2491 678 2533 neo
701 2475 819 2534 evanuit
842 2473 944 2534 eadem
967 2476 1111 2534 memorIa
1134 2476 1163 2534 in
1180 2474 1280 2534 IlIona·

159 2676 333 2754 ‘compositio
361 2693 422 2735 non
449 2676 542 2754 ipsius
565 2674 678 2753 VIrgiIii
706 2682 749 2736 set
774 2675 896 2736 alterius
919 2685 1005 2754 poete
1029 2672 1182 2737 novissimi
1204 2683 1279 2734 tem-

159 2795 217 2860 pore
236 2776 382 2855 PbiIeIpbi
401 2769 492 2836 'vitam
516 2778 648 2854 agentis'
674 2776 749 2856 (vide
771 2775 988 2838 Buechelerum
1010 2777 1029 2837 l.
1054 2777 1073 2836 I.
1097 2795 1125 2855 p.
1149 2772 1234 2852 415).

227 2878 401 2938 Adiunctum
424 2880 573 2956 integrum
590 2879 781 2957 priapeorum
804 2877 913 2938 librum
936 2877 1088 2957 opusculis
1104 2876 1280 2954 Vergilianis

161 2978 317 3062 quibusdam
341 2981 532 3060 (nontamen
556 2979 705 3040 catalectis
728 2996 804 3056 quae
826 2978 912 3057 vulgo
936 2978 1082 3057 dicuntur)
1100 2981 1130 3038 in
1154 2977 1216 3038 solo
1233 2996 1281 3037 co·

103 3112 113 3173 3
162 3083 211 3142 dice
234 3083 261 3144 V
280 3080 410 3160 repperi,
434 3099 489 3141 nec
512 3083 573 3141 scio
596 3083 627 3141 in
649 3080 755 3159 quibus
775 3079 861 3141 libris
882 3082 996 3142 Maroni
1019 3080 1099 3141 lusus
1121 3078 1164 3139 illi
1186 3081 1282 3139 vario-

162 3201 213 3244 rum
236 3181 418 3242 tribuantur:
455 3181 506 3243 sed
537 3189 659 3261 possunt
686 3184 763 3242 inter
791 3182 845 3243 hos
874 3199 991 3261 quoque
1021 3201 1085 3242 esse
1108 3182 1281 3242 Maroniani.

162 3303 214 3344 nam
237 3282 398 3344 versiculos
428 3289 564 3344 ‘severos
591 3285 730 3361 parum',
762 3292 793 3343 ut
820 3301 923 3342 omnes
951 3282 1014 3342 lere
1041 3280 1129 3361 paulo
1152 3271 1283 3342 laetioris
1382 3310 1393 3328 κ

161 3387 252 3464 ingenii
272 3384 409 3445 homines
424 3384 581 3454 Romanos,
606 3383 766 3462 Vergilium
789 3402 909 3463 quoque
931 3384 1037 3444 lenisse
1059 3382 1184 3443 idoneus
1199 3383 1283 3442 testis

101 3536 102 3541 ,
162 3495 195 3546 est
212 3484 320 3547 Plinius
344 3487 429 3564 epist.
454 3489 477 3548 V
499 3483 528 3555 3,
551 3481 585 3546 6:
609 3487 704 3546 ‘inter
727 3505 801 3564 quos
823 3488 869 3547 cel
888 3488 1058 3562 praecipue
1080 3483 1282 3544 numerandus

104 3621 111 3638 r
162 3595 193 3647 est
217 3588 247 3647 P.
271 3584 435 3665 Vergilius,
460 3586 614 3648 Cornelius
643 3587 756 3666 Nepos,
791 3595 820 3647 et
848 3588 931 3664 prius
958 3587 1053 3647 Attius
1081 3585 1282 3662 Enniusque'.

101 3721 107 3750 ι
160 3695 180 3748 et
196 3688 260 3748 huic
287 3690 346 3767 ipsi
373 3688 522 3748 lasciviori
544 3688 659 3757 Musae,
690 3689 736 3749 cui
757 3690 788 3747 in
812 3686 890 3748 dulci
912 3690 1031 3748 iuventa
1053 3685 1190 3755 indulsit,
1220 3683 1283 3744 vale

101 3825 103 3829 ν
157 3789 214 3850 dicit
233 3798 320 3867 poeta
343 3791 374 3848 in
397 3789 569 3850 oboliambis
586 3788 679 3867 (catal.
697 3789 767 3868 VII),
791 3788 899 3865 quibus
915 3788 1029 3849 Sironis
1045 3789 1180 3865 magistri
1196 3786 1282 3846 disci-

153 3889 250 3972 plinam
279 3892 461 3970 auspicatur,
494 3909 518 3948 v.
546 3888 582 3949 11
606 3907 669 3967 sqq.
715 3890 789 3951 tales
817 3891 905 3968 igitur
933 3891 1054 3950 luerunt
1080 3905 1150 3968 qnas
1175 3890 1282 3965 prolo-

101 4014 103 4019 ·
149 3997 238 4056 rienes
259 3991 418 4052 Diomedes
441 3992 511 4053 dicit
533 3993 593 4052 sivo
615 3993 678 4071 ipse
701 3993 784 4071 quasi
800 3991 958 4051 excusandi
980 3991 1163 4069 pudicissImi
1176 3996 1283 4068 poetae

146 4112 229 4156 causa
250 4082 404 4183 snbst'guit
425 4093 482 4153 boc
505 4111 613 4153 nomen
636 4096 805 4154 catalecton
828 4092 874 4153 vel
897 4091 947 4152 alii
969 4091 1054 4153 titulo
1071 4089 1281 4172 opusculorum

146 4192 379 4273 VergiIIanorum
401 4196 551 4255 communi
574 4196 633 4254 sive
656 4197 687 4255 in
710 4195 831 4270 antiquo
854 4193 962 4253 horum
984 4187 1144 4269 exemplari
1160 4191 1204 4250 vel
1221 4192 1281 4268 epi·

139 4303 302 4378 grammata
331 4295 393 4359 sola
421 4296 466 4356 vel
495 4298 641 4376 integram
671 4294 804 4377 syllogen
832 4297 875 4355 sic
898 4295 1068 4372 inscriptam
1089 4292 1170 4373 legit.
1215 4311 1283 4352 narn
