2820 4770
804 270 897 313 onus.

314 458 373 519 quo
396 438 515 518 rapidos
538 440 625 499 etiam
648 439 841 515 requiescunt
863 438 985 498 llumina
1008 437 1133 498 cursus?

313 550 359 610 dic
381 567 435 627 ago
458 567 538 609 nunc
561 549 688 609 miserae
710 547 831 617 saltem,
856 546 936 627 quod
960 565 1048 626 saepe
1070 549 1184 626 potenti

313 658 431 720 iurabas
454 657 528 718 nihil
552 677 618 719 esse
642 657 727 728 milri,
753 678 806 719 cur
829 666 938 720 maesta
962 659 1095 738 parentis

313 770 459 830 formosos
482 771 595 830 circum
619 771 700 847 virgo
723 786 875 830 remorero
898 767 1028 848 capillos.

314 879 363 939 liei
385 879 472 950 milri,
496 898 534 940 ne
556 881 640 940 luror
660 877 711 939 illc
734 887 799 939 tuos
821 881 963 940 invaserit
985 888 1076 946 artus,

313 988 378 1059 ille,
404 989 519 1051 Arabae
541 989 677 1070 Myrrhae
700 990 848 1070 quondam
872 991 923 1070 qui
946 991 1025 1068 capit
1047 987 1166 1056 ocellos,

313 1109 345 1161 ut
368 1099 481 1161 scelere
502 1101 623 1162 inlando
648 1099 738 1180 (quod
760 1119 816 1161 nec
839 1102 909 1160 sinit
932 1099 1082 1178 Adrastea)

315 1209 434 1270 laedere
457 1217 614 1290 utrumque
637 1229 697 1271 uno
720 1211 837 1272 studeas
860 1228 963 1270 errore
984 1209 1155 1288 parentem!

314 1318 440 1399 quodsi
463 1321 521 1381 alio
545 1323 646 1398 quovis
669 1322 759 1381 animi
781 1322 900 1381 iactaris
922 1338 1024 1380 amore

316 1429 394 1509 (nam
418 1439 447 1490 te
470 1433 585 1502 lactari,
609 1450 669 1491 non
692 1439 737 1491 est
757 1432 927 1492 Amathusia
951 1431 1045 1492 nostri

314 1548 374 1601 tam
396 1541 479 1602 rudis
502 1549 534 1602 ut
557 1539 637 1602 nullo
659 1543 773 1620 possim
795 1559 976 1619 cognoscere
998 1536 1117 1618 signet*

315 1652 341 1710 si
363 1669 524 1713 concessus
546 1670 629 1713 amor
653 1660 722 1712 noto
745 1661 775 1712 tc
797 1657 928 1713 macerat
948 1651 1023 1728 igni:

314 1779 369 1838 per
392 1761 444 1821 tibi
467 1761 628 1841 Dictynnae
651 1765 816 1840 praesentia
839 1762 958 1822 numina
980 1763 1056 1829 iuro,

314 1873 409 1948 prima
432 1871 522 1931 decus
546 1889 620 1948 quae
643 1872 729 1932 derlee
753 1872 825 1932 mihi
848 1878 876 1932 te
900 1872 990 1954 ‹lonat
1012 1871 1169 1937 alumnam,

315 1983 412 2042 omnia
436 2000 481 2043 me
504 1983 603 2060 potius
625 1982 712 2060 digna
735 1989 824 2061 atque
846 1981 980 2060 indigna,
1005 1980 1138 2043 laborum

314 2090 394 2151 milia
416 2093 554 2161 visuram,
579 2108 667 2168 quam
690 2101 720 2152 te
744 2099 802 2152 tam
824 2092 958 2153 tristibus
979 2093 1042 2152 istis

313 2200 450 2261 sordibus
473 2208 502 2262 et
523 2203 606 2262 senio
628 2203 723 2280 patiar
745 2202 898 2265 tabescere
921 2201 994 2262 tali'

357 2311 436 2371 llaec
458 2311 604 2391 loquitur,
628 2312 770 2392 mollique
793 2322 825 2374 ut
847 2332 879 2374 se
901 2313 1006 2374 velavit
1027 2313 1146 2380 amictu,

314 2421 484 2500 lrigillulam
507 2423 614 2484 iniecta
636 2423 800 2485 circumdat
824 2432 904 2484 vesto
926 2421 1065 2503 puellam,

229 2601 431 2610 ——.—.

286 2698 344 2753 sola
366 2698 507 2771 inuigilare
530 2699 557 2754 R
633 2698 694 2756 233
718 2699 825 2773 rapidus
849 2700 882 2755 H
956 2698 1016 2756 234
1039 2700 1128 2755 saltim
1151 2698 1224 2772 quod
1246 2715 1325 2773 saepo
1376 2722 1400 2778 ἰ

230 2834 344 2906 saltomq
357 2864 363 2876 ·
377 2850 441 2906 sepe
464 2834 497 2888 H
580 2833 641 2890 235
664 2852 712 2890 our
729 2836 769 2892 Le
792 2807 841 2898 crfa
865 2833 888 2906 (r
903 2853 938 2890 m.
956 2834 1028 2906 cant.)
1044 2835 1077 2891 Η
1090 2851 1150 2890 cuni
1173 2837 1221 2891 Ro
1287 2853 1376 2907 mesra

231 2920 257 2974 R
356 2918 416 2974 236
445 2917 590 2973 Formosus
618 2921 651 2975 H
669 2939 705 2975 m.
733 2919 748 2973 l
835 2936 972 2976 remorare
999 2921 1119 2976 Iumina
1148 2936 1254 2975 morere
1278 2921 1310 2975 H
1330 2942 1368 2984 re.

231 3019 306 3058 moro
335 3003 359 3058 Α
387 3019 523 3058 morerere
551 3005 639 3061 LReu
666 3020 802 3059 remorare
830 3006 949 3061 Leonsis
1057 3003 1117 3062 238
1141 3003 1235 3060 arabae
1258 3004 1292 3058 H
1313 3023 1360 3068 aaa.

230 3086 270 3142 his
294 3089 353 3145 Leo
444 3087 531 3164 Myrra
553 3089 577 3144 L
599 3090 695 3144 mirrao
718 3092 745 3146 R
768 3091 847 3144 mirra
870 3089 904 3143 H
991 3091 1081 3162 coepit
1103 3090 1130 3145 R
1239 3088 1298 3147 239
1318 3109 1358 3154 noc

229 3173 292 3227 sinit
325 3172 445 3227 arlrastoa
468 3174 528 3230 Leo
555 3190 606 3228 nec
633 3175 711 3229 sinita
736 3175 828 3230 tristea
853 3175 886 3228 H
910 3191 961 3237 noc
983 3174 1045 3245 (oen.
1071 3172 1186 3246 celcris)
1209 3175 1236 3231 R
1300 3177 1356 3238 sinat

230 3258 348 3313 Locnsz‘s
434 3256 496 3314 240
518 3274 579 3330 ymo
608 3257 642 3312 H
666 3275 718 3313 una
744 3261 770 3315 Α
869 3258 928 3315 241
954 3261 995 3332 ef.
1020 3258 1125 3316 Catrelli
1145 3258 1223 3313 LXIV
1245 3259 1305 3316 372

231 3343 327 3415 quouis
361 3342 412 3396 alio
441 3343 468 3396 R
560 3344 639 3398 animi
671 3345 820 3415 Hauptius
854 3350 964 3416 qarocst.
997 3343 1090 3400 Catuli
1117 3343 1157 3400 75
1191 3345 1284 3399 animis
1309 3348 1357 3407 HR

230 3429 317 3481 :mimo
340 3427 425 3483 Area
447 3428 529 3482 nimio
553 3430 597 3485 ool
618 3429 734 3484 animum
757 3429 889 3501 Scatiqcr
911 3431 1013 3484 animos
1031 3429 1217 3486 Schraderus
1280 3446 1360 3490 amore

230 3512 290 3569 Lea
313 3507 403 3566 arnaria
423 3512 450 3567 R
478 3527 595 3567 amorem
619 3513 651 3566 H
759 3512 819 3568 242
847 3514 887 3586 ef.
913 3513 1018 3571 Ocaetzuu·
1043 3512 1143 3568 LXVlll
1171 3514 1210 3571 17
1315 3515 1363 3575 Nec

231 3604 257 3650 tc
285 3597 312 3651 R
409 3597 546 3651 amathisia
577 3596 634 3653 HR
667 3598 792 3653 Amatisia
819 3599 859 3656 Le
959 3598 1127 3655 nostramA
1235 3596 1296 3653 244
1322 3600 1363 3660 Sia

231 3681 296 3738 Ale
370 3681 560 3736 confessusA
632 3683 688 3756 igni
711 3682 765 3737 HL
787 3685 851 3757 igne
873 3685 938 3742 Heu
1028 3682 1089 3740 245
1112 3683 1230 3740 (listinae
1254 3683 1292 3753 H,
1315 3703 1362 3744 om.

229 3803 339 3856 lacerno
362 3803 464 3856 relicto
487 3801 514 3855 R
579 3778 642 3856 uuio
665 3800 696 3855 H
760 3804 832 3865 uino,
857 3820 1008 3874 suprascr.
1032 3821 1068 3859 m.
1093 3820 1153 3860 rec.
1176 3804 1238 3858 iuro
1262 3804 1294 3859 H

231 3885 291 3942 246
314 3885 395 3940 (locus
425 3885 609 3942 Schradcros
636 3884 715 3940 deum
744 3888 864 3945 uraca
950 3905 1002 3961 quc
1024 3889 1051 3944 R
1137 3883 1239 3961 alfipna
1257 3889 1290 3943 H

229 3969 290 4026 247
313 3965 407 4046 atquo]
433 3971 539 4042 tuqzb
645 3969 757 4026 laturam
780 3973 845 4031 Ale
954 3971 1013 4030 248
1035 3972 1105 4029 llilia
1127 3972 1213 4045 Hae,
1237 3975 1314 4046 quod
1333 3979 1370 4032 od

229 4054 351 4110 laborum
371 4063 442 4126 pareto
465 4055 650 4126 referendum
673 4071 743 4111 esse.
774 4056 855 4112 lllillia
876 4058 924 4113 Ro
952 4055 1007 4112 filia
1029 4058 1168 4115 Heinsius
1252 4059 1367 4116 uisuram

231 4139 264 4194 H
346 4139 406 4195 249
430 4141 504 4195 senio
533 4143 577 4196 uir
603 4142 705 4196 doctos
731 4145 759 4196 io
788 4145 867 4198 misc.
892 4144 966 4198 obss.
989 4142 1023 4197 lV
1046 4142 1107 4199 323
1135 4143 1228 4198 sconia
1252 4142 1285 4197 H
1304 4146 1369 4200 saria

229 4225 254 4280 L
275 4241 367 4280 scoroa
390 4238 405 4282 ε
427 4225 515 4279 scoria
536 4218 574 4278 οι1
599 4224 659 4281 cilia
687 4229 810 4298 exempl.
835 4228 953 4283 boensis
980 4226 1074 4283 morbo
1097 4228 1124 4283 R
1147 4244 1211 4285 eura
1235 4225 1370 4286 Heinsius
1396 4216 1400 4267 ¹

230 4308 321 4364 scabre
344 4309 476 4384 Scaliycr
565 4308 626 4366 250
650 4309 706 4367 llec
728 4312 760 4367 H
850 4311 909 4368 251
933 4312 1052 4369 circmlat
1073 4313 1100 4369 R
