2820 4770
536 281 746 332 PRAEFATIO.
1175 285 1212 332 XI

66 454 133 518 104
154 475 224 538 sqq.
250 450 312 516 124
333 452 506 539 proposui,
529 453 639 517 extitit
664 453 850 540 nuperrime
874 459 1062 518 Gauianus
1084 457 1212 535 Thilo,

64 555 126 641 qui
147 576 221 619 cum
243 555 422 638 genuinum
435 558 565 619 Servii
582 556 849 620 commentarium
872 577 946 619 eum
961 577 1034 620 esse
1057 554 1121 619 sibi
1142 576 1213 640 per-

67 657 226 738 suaserit,
252 655 307 740 qui
329 655 363 719 in
377 654 547 742 plerisque¹
560 655 727 721 codicibus
751 657 987 734 circumfertur,
1011 656 1214 721 additamen-

65 758 111 822 tis
135 756 191 821 ille
214 757 354 842 quaein
376 757 444 821 suis
466 757 663 843 quibusdam
684 756 776 825 libris
799 758 836 822 P.
851 753 977 822 Daniel
993 750 1136 843 repperit
1158 757 1212 822 de-

67 860 220 939 stitutus,
247 857 305 922 hos
329 869 439 923 autem
462 858 592 924 scholiis
622 861 772 945 quamvis
795 858 902 926 Servii
923 868 1030 924 aetate
1053 859 1212 945 antiquio-

66 961 163 1025 ribus
195 958 408 1046 interpolatos
438 982 510 1025 esse
538 961 596 1046 (cf.
624 983 707 1025 mus.
735 961 838 1026 Rhen.
867 960 952 1026 XIV
979 960 1073 1044 450),
1107 981 1213 1025 meam

66 1063 281 1142 sententiam,
308 1083 373 1146 qua
396 1060 599 1146 Scaligerum
621 1071 751 1151 secutus
778 1062 880 1128 multo
902 1062 1114 1146 integriorem
1137 1061 1212 1126 olim

66 1184 167 1246 quam
188 1183 275 1226 nunc
303 1171 408 1244 extat,
431 1163 605 1228 Danielino
628 1174 738 1229 autem
753 1187 851 1251 quam
865 1162 1000 1248 vulgato
1023 1163 1211 1227 similiorem

66 1264 174 1328 Servii
202 1265 470 1329 commentarium
497 1288 517 1329 a
544 1270 583 1329 M
585 1272 718 1331 acrobi
724 1288 741 1332 o
770 1267 805 1329 in
831 1264 1092 1331 Saturnaliorum
1119 1264 1212 1330 libris

66 1373 261 1452 usurpatum
288 1365 393 1430 fuisse
421 1366 559 1432 conlatis
587 1367 740 1432 hiscum
766 1368 886 1433 nostris
915 1365 1047 1432 scholiis
1070 1366 1211 1452 probare

67 1476 205 1533 conatus
228 1488 315 1548 sum,
344 1467 502 1554 peculiari
530 1469 688 1554 quadam,
718 1492 782 1555 qua
804 1469 978 1555 philologis
1006 1465 1113 1532 Halae
1136 1490 1210 1533 con-

65 1577 202 1635 ventum
214 1569 292 1660 ‘hoc
319 1591 405 1634 anno
434 1570 607 1653 agentibus
631 1570 770 1635 salutem
803 1570 904 1652 dixit,
939 1569 1209 1634 commentatione

66 1673 294 1756 ‘quaestiones
318 1669 514 1736 Servianae’
537 1658 697 1758 inscripta
711 1672 856 1737 refutare
871 1670 1008 1734 studuit.
1038 1692 1211 1756 quaecum

64 1772 117 1836 his
145 1773 227 1858 ipsis
257 1770 391 1855 diebus,
421 1795 494 1837 cum
523 1774 606 1836 ‘iam
635 1774 723 1838 canit
745 1772 878 1837 effectos
902 1780 1066 1835 extremus
1090 1772 1213 1839 vinitor

65 1882 161 1938 antes
170 1879 194 1956 ²,
218 1873 371 1938 extremis
396 1873 520 1938 scilicet
534 1874 630 1939 huius
649 1874 726 1940 libri
747 1874 889 1960 plagulis
913 1874 975 1940 sub
989 1872 1080 1960 prelo
1095 1873 1212 1938 sudan-
1306 1963 1308 1965 ι

64 1976 167 2058 tibus,
183 1975 386 2040 instantibus
401 1985 574 2061 praeterea
589 1985 687 2062 atque
701 1975 896 2061 urgentibus
917 1975 1019 2061 etqui
1042 1975 1212 2040 materiam

65 2077 130 2141 sibi
152 2076 303 2163 deposcit
325 2077 475 2163 operario
499 2078 603 2163 etqui
618 2077 736 2143 scholis
758 2072 903 2143 hiber‘nis
920 2076 1112 2141 instituendi
1135 2085 1212 2141 sunt

41 2176 351 2260 adulescentibus,
378 2178 521 2245 auctoris
549 2179 707 2245 beneficio
734 2178 815 2243 mihi
841 2178 1031 2243 transmissa
1064 2177 1122 2260 sit,
1152 2200 1212 2242 neo
1300 2220 1308 2246 t

62 2288 164 2344 vacat
201 2278 331 2364 singula
364 2282 471 2344 omnia
504 2280 700 2346 excutiendo
735 2279 870 2364 longum
906 2300 1100 2363 responsum
1136 2300 1210 2342 con·

62 2388 179 2443 texere
201 2402 262 2445 nec
284 2381 312 2445 si
335 2381 415 2466 quid
436 2381 534 2448 video
556 2404 616 2468 pro
638 2403 711 2446 meo
727 2381 859 2467 quidem
882 2379 1018 2447 consilio
1042 2404 1123 2466 opus
1146 2391 1208 2446 est.

62 2480 222 2567 pleraque
244 2482 330 2545 enim
353 2483 525 2549 aThilone
542 2482 678 2549 collecta
693 2481 843 2568 exempla
863 2492 896 2547 et
917 2490 1109 2566 argumenta
1131 2480 1211 2546 talia

64 2592 163 2667 sunt,
193 2591 229 2647 ut
256 2605 319 2647 non
343 2582 448 2669 qualis
475 2585 575 2649 fuerit
603 2585 729 2650 anticus
752 2583 860 2649 Servii
882 2584 1130 2648 commentarius
1155 2583 1211 2667 (de

62 2707 129 2769 quo
156 2685 377 2770 quaerendum
400 2687 484 2770 erat)
507 2686 691 2767 inlustrant,
714 2684 773 2749 sed
795 2686 1007 2770 comprobent
1028 2684 1117 2770 quod
1138 2684 1210 2771 ipse

63 2787 187 2868 statui,
211 2789 374 2852 communi
397 2810 440 2853 ex
461 2789 553 2853 fonte
575 2810 678 2874 eoque
695 2786 836 2870 Vergilii
857 2785 990 2872 quidem
1012 2796 1209 2851 commenta-

62 2887 113 2951 rio
143 2887 253 2974 aliquo
282 2897 315 2952 et
342 2887 492 2953 Danielis
520 2896 676 2974 excerpta
695 2884 736 2954 'et
763 2887 925 2953 Macrobii
954 2888 1064 2972 copias
1092 2886 1211 2951 hausta

63 2989 193 3071 esse.*)
238 2988 279 3052 de
301 2988 363 3054 hoc
384 2989 486 3073 igitur
507 2992 554 3055 ita
577 2990 729 3055 convenit
751 2990 837 3054 inter
857 3011 933 3068 nos,
955 2996 992 3052 ut
1015 3008 1099 3072 quae
1120 3009 1153 3072 p.
1168 2987 1210 3049 22

62 3088 199 3174 scripsit
228 3089 324 3153 Thilo
353 3095 508 3182 ‘uterque
537 3100 703 3156 auctorem
730 3089 886 3157 habuisse
914 3089 1084 3170 videntur,
1118 3090 1209 3152 cuius

62 3189 244 3274 pleniorem
262 3191 584 3277 ...disputationem
607 3193 641 3255 in
662 3192 795 3256 brevius
818 3191 1049 3257 contrahentes
1070 3211 1136 3253 non
1158 3211 1209 3252 ea-

60 3290 141 3354 dem
168 3293 203 3354 in
232 3314 309 3357 suas
339 3292 469 3358 chartas
498 3295 774 3379 transcripserunt
781 3307 796 3375 ,¹
814 3293 873 3357 sed
896 3293 985 3379 quod
1006 3292 1145 3377 quisque
1167 3288 1210 3354 ad

132 3561 160 3629 *)
179 3563 223 3617 cf.
240 3582 268 3631 p.
282 3568 322 3629 12,
339 3566 387 3616 ubi
398 3566 482 3616 Probi
499 3567 722 3617 commentarium
739 3581 793 3616 non
811 3565 901 3617 Gellio
918 3569 1026 3616 tantum
1044 3565 1072 3616 II
1090 3567 1115 3627 6,
1133 3565 1208 3614 utin

57 3647 188 3715 prolegg.
201 3665 227 3713 p.
243 3651 292 3700 145
309 3651 406 3715 statui,
425 3650 474 3701 sed
489 3650 631 3701 Macrobio
648 3651 735 3701 'etiam
751 3652 790 3702 VI
808 3653 822 3700 7
842 3654 870 3700 et
882 3649 1076 3701 Lemovicensi
1092 3648 1209 3714 Vergilii

58 3732 98 3782 ad
116 3731 170 3782 ecl.
187 3732 226 3782 VI
243 3734 275 3783 76
293 3734 460 3785 scholiastae
479 3735 514 3785 ad
530 3750 627 3785 manus
645 3734 733 3785 fuisse
752 3735 868 3798 conicit,
891 3750 958 3798 quos
982 3733 1073 3784 Servii
1092 3735 1126 3784 ab
1147 3732 1208 3797 ipso

57 3815 207 3866 Macrobio
228 3817 275 3867 hic
296 3818 406 3868 laudati
425 3820 591 3870 auctorltatc
613 3820 666 3869 niti
687 3819 754 3869 mihi
775 3834 938 3884 persuasum
960 3823 1011 3869 est.
1036 3833 1118 3882 porro
1137 3833 1163 3882 p.
1177 3819 1208 3866 14

57 3899 134 3950 conl.
148 3901 290 3952 Macrobio
302 3902 341 3953 VI
358 3905 383 3964 8,
405 3904 505 3954 14—23
523 3919 584 3954 cum
596 3903 741 3954 Servianis
754 3904 789 3954 ad
801 3905 871 3954 Aen.
883 3903 923 3954 VI
934 3905 1000 3966 2733
1018 3919 1043 3967 p.
1058 3904 1152 3953 17.18.
1166 3903 1206 3950 19.

55 3987 102 4036 20.
125 3987 166 4039 21.
190 3987 230 4035 22.
248 3988 290 4036 24.
308 3988 349 4036 25.
368 3988 410 4036 29.
429 3989 471 4037 30.
490 3991 530 4038 31.
549 3990 591 4038 32.
610 3991 651 4038 33.
671 3990 712 4040 36.
730 3991 763 4039 37
781 3987 853 4038 conl.
872 3990 961 4039 Macr.
978 3988 1022 4039 111
1039 3989 1127 4050 2sqq.
1146 3999 1207 4034 oum

56 4068 141 4118 Serv.
151 4069 252 4120 Aenv
264 4072 313 4121 238
326 4070 365 4121 IV
375 4072 433 4121 699.
449 4073 586 4123 2191373
599 4072 653 4123 XII
666 4075 724 4127 779.
737 4075 787 4125 648
799 4073 838 4123 XI
852 4072 941 4124 15811
953 4074 1010 4123 686Ι
1024 4087 1066 4137 ge.
1082 4071 1095 4121 I
1108 4070 1157 4119 269
1168 4085 1207 4134 sq.

55 4153 129 4203 Aen.
142 4152 181 4204 IV
192 4155 225 4203 56
238 4153 305 4204 Aen.
317 4154 345 4204 II
358 4157 408 4206 225
419 4156 434 4207 I
446 4159 495 4207 378
507 4156 535 4207 II
548 4159 598 4206 269
612 4157 663 4210 ecl.
675 4158 698 4208 V
711 4159 744 4207 74
759 4159 828 4210 Aen.
841 4157 937 4208 11185.
951 4158 984 4206 84
1001 4155 1069 4205 VIII
1082 4155 1140 4205 363.
1153 4155 1203 4204 269

54 4237 99 4287 ΙΠ
110 4238 162 4287 407
180 4237 250 4288 VIII
268 4240 318 4290 288
335 4238 387 4290 ecl.
400 4239 439 4290 IV
452 4242 486 4309 43
499 4255 540 4304 sq.
559 4244 587 4291 et
606 4241 735 4306 deinceps
753 4240 860 4306 (taedet
874 4241 947 4291 enirn
959 4239 1069 4305 singula
1081 4226 1208 4292 enotare)

54 4323 86 4370 in
100 4321 202 4385 quavis
216 4322 275 4372 fere
288 4323 399 4389 pagina.
