2820 4770
204 307 263 371 198
670 325 835 367 uouemus
850 327 871 365 1.
904 372 908 378 ,

286 497 351 575 quis
374 496 437 554 tore
461 491 615 560 credebat,
640 499 792 570 premeret
815 509 881 552 cum
905 493 962 551 iam
986 492 1102 569 inpiger
1125 474 1223 550 i'ui'ons
1307 493 1346 548 81

327 605 437 683 hydros
461 604 596 680 ingentes
621 591 667 661 vix
691 600 827 679 uoluente
851 602 959 662 mauu?

284 732 387 774 cunrve
410 717 617 773 renascentem
641 719 751 772 tereret
773 711 913 772 velociter
935 688 1074 788 Hydram,

327 824 479 901 frangeret
501 824 637 882 innroues
659 820 704 882 vel
728 820 878 881 diomedis
902 799 994 898 equos

287 932 332 992 vel
356 932 451 993 tribus
473 932 604 992 adversis
627 949 814 991 communem
837 930 980 991 iratribus
1003 929 1098 990 alvum

326 1049 356 1103 et
378 1061 429 1103 sex
453 1042 589 1102 ativersos
611 1041 690 1102 solus
713 1043 744 1102 in
767 1059 849 1101 arma
873 1042 996 1102 merrus?

284 1153 360 1212 ittdit
381 1150 500 1213 Aloidas
523 1170 667 1231 posquam
691 1151 857 1212 dominator
881 1150 1006 1231 Olympi,

327 1262 434 1322 dicitur
458 1264 487 1322 iu
511 1248 635 1322 nitidum
659 1261 854 1341 percubuisse
876 1261 954 1321 diem

283 1380 372 1452 atque
395 1370 520 1450 aquilam
544 1372 661 1432 misisse
683 1389 781 1441 suam,
812 1389 887 1448 quoe
911 1380 1068 1451 quaereret
1091 1373 1192 1450 ecquis

327 1490 429 1562 posset
452 1489 585 1541 ameturo
609 1481 695 1560 digno
718 1482 833 1541 reterre
855 1481 924 1541 lori.

287 1591 362 1653 vade
384 1590 438 1652 sub
462 1591 548 1652 idaeo
571 1598 700 1659 tuente,
727 1592 859 1652 formose
880 1591 1030 1660 sacerdos,
1060 1646 1063 1651 .

325 1704 439 1762 invenit
461 1709 491 1762 et
512 1719 616 1780 presso
639 1700 769 1761 molliter
793 1719 892 1778 ungue
916 1703 1003 1781 repit.

284 1815 325 1872 sie
348 1820 406 1872 est:
431 1813 523 1872 victor
547 1817 640 1882 amet,
664 1812 756 1871 victor
778 1812 909 1890 potietur
931 1813 961 1872 iu
985 1812 1098 1882 umbro,

326 1924 418 1983 victor
441 1921 563 1982 odorato
587 1921 712 1982 dormiat
735 1923 823 2000 ioque
845 1939 923 1982 rosa.

284 2035 378 2093 victus
401 2038 465 2092 aret
487 2033 639 2110 victusque
662 2039 769 2100 metat,
794 2037 888 2092 metus
911 2018 1038 2109 imperet
1059 2033 1111 2103 ilii,

327 2128 459 2231 cremore
483 2159 538 2201 nec
560 2143 591 2201 iu
613 2149 702 2202 strete
726 2149 861 2202 sternere
885 2142 980 2202 discat
1002 2142 1103 2203 humo.

285 2261 417 2332 tempora
442 2251 615 2330 dispensent
640 2269 709 2312 usus
732 2257 762 2311 et
786 2260 919 2331 tempora
942 2251 1052 2313 cultus:

325 2362 398 2422 haec
421 2362 557 2421 homines
578 2362 724 2439 pecudes,
750 2359 822 2422 haec
845 2362 1038 2424 moderantur
1062 2382 1139 2424 oves.

199 2527 309 2576 metum.
332 2519 375 2573 XV
398 2519 460 2576 ‘230
482 2534 561 2590 saepe
584 2536 607 2572 ω
673 2594 688 2604 α
703 2518 741 2574 81
766 2527 902 2590 premeret
925 2536 986 2574 cum
1009 2521 1060 2576 iam
1083 2540 1102 2575 o
1124 2538 1185 2577 cum
1209 2523 1260 2577 iem
1283 2541 1346 2596 pre·

663 2608 673 2633 t·

363 2626 365 2630 Α
676 2609 689 2635 u

201 2664 257 2711 met
279 2657 307 2711 Β
335 2660 368 2710 cti
396 2656 446 2709 inm
473 2653 547 2726 simet
570 2654 596 2708 Β
626 2659 692 2730 tpu3
720 2655 771 2708 ium
796 2648 872 2726 pmet
894 2655 927 2710 H
947 2671 1008 2710 eum
1036 2656 1086 2710 iam
1115 2659 1213 2730 premit
1237 2657 1348 2716 SZVle

201 2757 261 2796 cum
283 2747 421 2813 rumperet
445 2739 579 2810 Sculiper
653 2740 768 2812 impiger
790 2739 863 2796 ΒΒε
959 2739 999 2796 82
1025 2740 1123 2797 [tidros
1146 2743 1179 2798 H
1199 2742 1294 2798 hidros
1328 2745 1350 2799 V

263 2825 303 2881 83
327 2823 392 2879 Cum
415 2839 480 2878 uere
496 2832 650 2878 noscentem
667 2824 695 2878 Β
717 2823 792 2879 Tunc
807 2840 840 2879 ne
856 2830 1041 2880 renascentem
1056 2839 1071 2883 ε
1139 2834 1222 2882 terret
1240 2827 1299 2883 HR
1310 2827 1346 2884 Vi

264 2908 379 2964 feliciter
408 2907 565 2964 Vossianus
587 2916 614 2964 et
636 2909 783 2965 Leidensis
801 2908 870 2976 (Vl)
895 2914 966 2965 teste
982 2910 1170 2968 Burmunno:
1192 2916 1255 2984 ipse
1277 2915 1349 2969 nihii

200 2998 307 3051 riniani.
381 2993 512 3048 uelociter
535 3001 626 3048 ureret
650 2995 786 3050 Gerulius
873 2992 913 3050 84
936 2996 1066 3050 immunes
1088 2998 1150 3053 ΗΒ
1234 2997 1275 3055 86
1300 2998 1346 3053 otl-

201 3095 296 3134 uersus
313 3078 420 3134 Hm.l
518 3076 557 3133 87
581 3077 680 3133 oloidos
703 3096 722 3131 u
752 3077 852 3133 solidos
874 3079 954 3135 Leid.
977 3083 1055 3135 ulter
1077 3087 1150 3138 teste
1173 3082 1347 3139 Burmunno

196 3143 321 3218 ioloidos
336 3165 363 3219 Β
386 3170 413 3217 et
435 3161 535 3217 eolides
559 3176 573 3219 ε
600 3170 627 3218 et
651 3163 759 3218 oenidas
783 3162 810 3217 Β
830 3149 944 3222 ienidos
967 3165 1000 3220 H
1007 3165 1042 3222 Vi
1065 3166 1173 3222 oeuidos
1197 3168 1220 3224 S
1283 3185 1348 3241 pos·

199 3265 278 3321 quam
300 3249 327 3304 R
350 3255 536 3320 postqunmip
622 3247 661 3304 88
685 3246 861 3320 percubuisse
876 3248 971 3305 BSVi
994 3248 1171 3322 procubuisse
1186 3253 1284 3310 ΗΒεα

100 3354 104 3361 ·
199 3333 268 3388 diem
292 3332 417 3389 HHSVI
438 3329 536 3389 bouem
559 3332 586 3386 Β
608 3348 657 3389 ms.
684 3332 827 3404 Saluuii,
852 3348 888 3392 εα
958 3334 1022 3397 Ι89
1047 3336 1128 3390 misse
1150 3337 1178 3391 Β
1254 3339 1346 3411 ecquis

199 3433 235 3477 εα
258 3417 353 3491 ecquid
372 3417 396 3470 B
415 3400 500 3490 §quid
515 3417 548 3472 H
568 3416 648 3490 iquid
670 3419 681 3472 i
703 3417 772 3488 och
788 3420 814 3474 Β
840 3430 885 3489 'tq
909 3420 933 3474 V
1016 3418 1057 3476 90
1079 3429 1185 3477 moturo
1204 3422 1266 3478 ΒΗ
1275 3423 1344 3480 m.1

199 3503 272 3559 RVi
349 3500 430 3574 dignu
453 3500 592 3558 Heinsius
622 3503 700 3575 signo
722 3502 847 3560 BHSVi
876 3504 937 3558 uiuo
960 3517 996 3561 eo
1019 3520 1100 3577 posse
1123 3507 1150 3562 Β
1231 3508 1348 3582 signifer

202 3604 262 3644 esse
286 3588 359 3643 corii.
384 3585 519 3659 Seniiper
605 3587 642 3643 91
667 3585 717 3641 suli
740 3587 799 3643 ideo
822 3591 848 3645 Β
872 3587 922 3643 sibi
944 3588 993 3643 dea
1016 3590 1048 3645 H
1118 3599 1174 3646 tum
1196 3590 1253 3662 (oei
1275 3592 1348 3661 cum)

199 3674 337 3729 Heinsius
366 3669 428 3726 dum
452 3687 475 3724 ω
502 3671 553 3725 iam
582 3672 718 3727 Hundius
747 3675 786 3727 ciri
814 3674 899 3729 Statii
921 3675 981 3729 sito.
1006 3672 1026 3727 tt
1050 3673 1090 3731 45
1199 3672 1343 3752 sacerdos]

198 3759 329 3813 iacentem
352 3755 490 3812 Heinsius
576 3755 615 3813 92
639 3773 767 3828 prensum
791 3763 864 3815 coni.
886 3758 1077 3817 Burmannus
1163 3762 1246 3834 iogue
1269 3764 1280 3817 i

201 3842 240 3899 93
264 3843 303 3898 sie
325 3834 381 3917 est]
406 3841 497 3914 segnis
514 3842 653 3897 Heinsius
717 3843 873 3914 potieturS
895 3844 1027 3915 spatietur
1044 3844 1176 3919 Scuiiper
1243 3845 1284 3902 94
1303 3846 1347 3902 etl·

201 3935 277 3982 croto
294 3927 326 3982 H
346 3924 454 3981 odorata
476 3928 487 3981 l
573 3925 612 3983 95
638 3926 727 3982 Victus
751 3936 809 3983 oret
830 3929 974 4000 uictusque
995 3937 1077 3984 metet
1099 3928 1192 4002 (motet
1208 3929 1246 4003 B)
1264 3930 1351 3986 ΒΒΣ

201 4062 291 4118 Victus
321 4029 377 4119 {rot
407 4063 549 4136 uictusque
577 4070 659 4119 metet
682 4064 714 4119 H
734 4062 825 4120 Victor
847 4072 917 4119 otrrot
940 4066 1083 4139 uictusque
1106 4073 1187 4122 metat
1211 4067 1234 4123 S
1255 4067 1351 4123 Victus

201 4149 344 4221 uictusque
372 4151 487 4204 testati
516 4147 649 4204 Victorem
680 4150 767 4204 uictus
791 4157 893 4205 uretuot
924 4150 981 4206 Veni
1067 4152 1181 4223 imperat
1203 4153 1262 4207 HR

202 4268 241 4325 96
264 4277 356 4323 tenere
387 4267 411 4321 V
437 4235 487 4323 tiro
515 4283 625 4322 cernere
648 4282 663 4324 ε
691 4285 793 4341 ponere
822 4269 960 4325 Heinsius
1081 4269 1120 4326 97
1144 4269 1283 4343 dispensat
1313 4270 1342 4325 V
1341 4277 1352 4328 l

265 4352 338 4408 culto
362 4353 394 4408 H
479 4352 517 4408 98
541 4351 728 4409 moderaturi
