2820 4770
610 267 817 314 PRAEFATIO.
1231 270 1280 316 Vll

145 435 237 499 duxi.
283 434 412 499 videbis
443 442 567 516 autem,
597 436 745 521 quamvis
772 436 924 520 religiose
947 436 1101 522 Fogginii
1123 437 1289 524 exemplar

144 537 235 623 typis
264 537 405 621 exprimi
431 536 599 619 iusserim,
629 546 738 601 tamen
760 559 843 624 quae
864 537 898 601 in
919 538 1065 623 prolegg.
1089 560 1234 603 meorum
1255 561 1288 623 p.

143 640 208 702 222
230 638 383 722 leguntur
403 658 444 701 ne
465 659 569 721 genus
593 638 725 723 quidem
746 639 930 704 litterarum
952 639 1064 724 quales
1088 642 1123 704 in
1144 640 1214 725 ipso
1237 662 1289 705 co·

144 740 218 803 dice
244 739 397 823 leguntur
424 739 507 803 satis
535 739 676 804 fideliter
704 740 870 806 exhibere.
915 762 991 804 nam
1023 743 1059 804 in
1091 740 1181 805 tituli
1213 742 1289 806 ν.2

143 853 316 925 comesu,
351 863 417 906 non
451 856 607 904 comeum
641 850 747 924 extat3
786 841 820 904 in
858 841 1008 906 distichis
1046 843 1122 907 inde
1156 865 1176 906 a
1207 866 1240 907 v.
1268 841 1289 906 ὅ
1338 899 1351 913 ,

92 942 105 954 ‘
142 943 303 1029 capitales
327 950 403 1005 sunt
424 940 551 1007 litterae
574 953 704 1027 praeter
726 951 867 1025 ceteras,
892 942 1068 1027 dequibus
1092 948 1179 1009 vere*
1192 951 1289 1007 testa-

143 1054 199 1108 tus
223 1052 272 1108 est
287 1043 484 1127 FogginiuS,
509 1053 529 1114 e
553 1041 629 1126 (hac
658 1043 780 1126 forma,
815 1065 898 1129 quae
925 1044 1024 1108 etiam
1056 1045 1090 1106 in
1123 1044 1289 1129 superiore

142 1144 240 1209 titulo
262 1166 294 1207 v.
318 1144 338 1206 2
366 1143 601 1228 restituenda),
624 1161 662 1227 L,
686 1161 724 1226 P,
749 1144 809 1209 sed
831 1145 912 1209 haec
933 1156 970 1210 ut
991 1144 1156 1209 interdum
1178 1143 1287 1231 paullo

143 1247 234 1310 infra
255 1245 375 1310 lineam
398 1244 593 1327 descendat3
624 1246 792 1310 descendit
814 1254 1002 1312 constanter
1023 1256 1060 1311 ut
1083 1256 1105 1328 q
1128 1247 1239 1311 littera
1262 1259 1288 1330 f,

98 1428 103 1435 .
143 1349 280 1412 minoris
315 1348 439 1411 formae
472 1368 599 1432 semper
633 1356 708 1411 sunt
742 1358 782 1430 A,
812 1369 827 1412 ε
855 1348 908 1412 vel
938 1366 972 1431 e,
1002 1359 1049 1412 m.
1094 1348 1206 1412 docuit
1237 1371 1288 1413 me

141 1457 313 1536 praeterea
328 1447 470 1535 Heysius
494 1448 740 1512 accuratissima
762 1449 986 1529 enarratione,
1010 1447 1167 1513 eademne
1189 1471 1289 1514 manu

140 1550 258 1616 titulus
275 1549 423 1635 superior
447 1550 493 1633 (v.
511 1551 573 1611 1-
584 1548 619 1633 3)
635 1559 668 1614 et
683 1549 825 1614 disticha
840 1550 887 1634 (v.
903 1549 934 1614 5.
953 1550 1078 1613 7-12.
1096 1549 1150 1634 14)
1166 1552 1288 1635 scripta

142 1652 210 1717 sint
231 1672 366 1738 prorsus
388 1672 462 1714 esse
484 1649 691 1734 ambiguum:
716 1658 749 1714 at
770 1649 893 1715 calamo
916 1653 1021 1735 magis
1046 1651 1178 1732 obtuso,
1202 1650 1287 1717 litte-

139 1754 185 1817 ris
201 1752 299 1839 paulo
315 1751 549 1834 crassioribus,
573 1761 754 1816 atramento
771 1751 920 1834 diverso,
944 1751 1100 1817 subfusco
1118 1750 1174 1816 illo
1183 1801 1192 1834 ,
1209 1774 1286 1837 ergo

103 1907 104 1911 ,
139 1877 207 1920 non
230 1853 342 1918 eodem
359 1861 446 1918 certe
462 1851 515 1916 die
531 1853 612 1918 haec
628 1862 775 1937 exarata,
799 1853 1097 1940 eademquemanu
1118 1860 1150 1916 et
1172 1855 1287 1939 codem

138 1966 286 2040 tempore
302 1977 365 2041 quo
389 1966 497 2018 cetera
519 1954 616 2018 etiam
639 1954 791 2019 ultimum
815 1980 845 2022 v.
863 1955 903 2018 14
925 1955 1074 2019 additum
1093 1940 1175 2018 esse.
1199 1954 1287 2040 quod

138 2080 220 2123 vero
243 2057 279 2120 in
300 2058 447 2141 margine
470 2078 491 2119 a
513 2067 697 2121 correctore
719 2057 769 2120 his
792 2055 910 2122 litteris
934 2054 1134 2141 capitalibus
1157 2055 1286 2141 adposi·

138 2169 210 2225 tum
238 2168 289 2224 est
322 2176 479 2222 Pnnrrvu
515 2157 568 2240 (v,
602 2180 668 2223 non
700 2157 737 2241 u)
764 2157 865 2222 multo
893 2156 1077 2242 gracilioris
1109 2167 1143 2222 et
1174 2157 1286 2221 exilio-

137 2261 184 2324 ris
209 2260 346 2342 ductus,
370 2260 512 2347 speciem
536 2259 666 2344 quidem
688 2259 905 2344 antiquiorem
928 2260 1077 2345 quamvis
1100 2257 1184 2323 falso
1207 2281 1286 2344 prae

138 2385 175 2427 se
194 2362 282 2427 ferre
300 2383 399 2447 quam
417 2370 545 2425 textum
568 2359 829 2446 subscriptionis
873 2359 962 2445 quod
983 2360 1154 2425 verissime
1175 2371 1285 2425 monet

137 2463 305 2528 luculento
334 2462 483 2548 exemplo
512 2484 583 2526 esse
612 2484 711 2547 quam
739 2462 902 2526 lubricum
929 2462 969 2525 do
1000 2461 1180 2545 scripturae
1202 2464 1285 2525 anti-

140 2565 287 2650 quitate,
312 2565 340 2627 si
362 2561 433 2627 sola
455 2562 689 2627 elementorum
710 2563 817 2626 forma
838 2563 980 2644 nitatur,
1003 2562 1160 2627 iudicium
1182 2563 1237 2627 sit.
1261 2646 1269 2657 ι

225 2665 279 2729 De
294 2665 405 2730 codice
421 2671 456 2729 M
462 2672 562 2729 ontis
562 2670 776 2744 pessulano
782 2712 791 2746 ,
809 2685 905 2749 quem
919 2663 1065 2728 nondum
1079 2662 1284 2748 exploratum

137 2790 211 2832 esse
226 2788 417 2832 monueram
432 2769 466 2830 in
481 2763 627 2851 prolegg.
645 2788 677 2849 p.
693 2765 765 2846 361,
786 2766 839 2830 vir
854 2763 1062 2829 doctissimus
1081 2770 1115 2828 G.
1132 2769 1252 2830 Benoi
1256 2777 1281 2842 t,

134 2867 355 2933 Massiliensis
384 2868 470 2952 lycei
497 2866 681 2953 professor,
710 2866 795 2931 ultro
824 2865 939 2930 litteris
966 2865 1209 2930 humanissimis
1232 2889 1284 2930 me

135 2970 309 3034 certiorem
337 2968 417 3033 fecit
443 2969 618 3054 docuitque
646 2968 823 3054 specimine
845 2969 1020 3033 lectionum
1043 2989 1085 3031 ex
1106 2969 1281 3052 georgicon

134 3070 216 3136 libri
237 3071 291 3135 ΙΠ
312 3071 406 3136 initio
424 3079 650 3156 excerptarum
665 3069 790 3134 nullam
812 3069 882 3133 eius
904 3068 1103 3154 peculiarem
1125 3071 1282 3136 virtutem

134 3195 219 3237 esse.
264 3172 406 3258 pertinet
432 3173 519 3236 enim
546 3170 630 3237 liber
657 3192 792 3235 numero
813 3171 876 3236 253
896 3173 1046 3255 signatus
1070 3180 1103 3235 ct
1125 3181 1282 3256 quantum

132 3273 278 3364 ,duorum
308 3295 464 3338 versuum
497 3276 678 3358 scripturae
713 3270 861 3358 exemplo
901 3274 1045 3337 iudicare
1081 3272 1159 3338 licet
1195 3294 1281 3338 nono

135 3375 268 3440 saeculo
291 3375 467 3457 recentior,
490 3384 526 3439 ut
549 3377 619 3460 ipse
641 3373 726 3440 vidit
747 3373 799 3439 vir
821 3372 1034 3454 clarissimus,
1057 3373 1099 3437 ad
1120 3373 1281 3438 familiam

134 3477 230 3542 libris
253 3476 473 3541 Bernensibus
496 3481 532 3541 bc
553 3484 849 3561 repraesentatam,
865 3484 976 3539 tamen
997 3484 1034 3538 ut
1056 3473 1177 3538 codicis
1200 3496 1217 3540 c
1240 3477 1281 3539 si-

134 3577 246 3642 milior
274 3578 317 3642 sit
339 3599 436 3662 quam
459 3576 592 3641 alterius
615 3583 643 3641 b.
687 3576 838 3642 versibus
867 3575 1002 3641 secundi
1023 3573 1181 3640 Aeneidis
1205 3575 1280 3641 libri

133 3677 307 3742 sot-588
329 3688 366 3742 ut
387 3677 534 3764 plerique
556 3701 667 3743 omnes
690 3687 789 3742 caret.

205 3779 320 3862 Longe
334 3781 611 3844 accuratissimam
626 3778 830 3845 collationem
846 3779 966 3844 codicis
982 3782 1177 3842 bezuensis
1198 3785 1278 3843 Vos-

133 3887 242 3944 siuni
264 3881 321 3954 111
346 3880 469 3945 saeculi
491 3881 559 3963 IX,
581 3883 669 3946 unde
683 3881 847 3947 Lucienus
863 3879 1001 3944 Mueller
1022 3879 1055 3942 in
1076 3903 1158 3944 mus.
1176 3879 1278 3944 Rhen'.

134 3980 226 4044 XIX
243 3982 304 4044 114
319 4004 389 4067 sqq.
413 3995 636 4060 argumenta
658 3990 816 4047 metrica
838 3981 1023 4046 decasticha
1038 3981 1141 4046 edidit
1162 4003 1240 4045 mox
1259 4003 1280 4044 a

133 4105 188 4146 me
204 4084 372 4166 recognita
386 4082 420 4147 in
435 4083 672 4168 prolegomenis
688 4108 720 4170 p.
734 4084 798 4149 369
813 4106 880 4169 sqq.
889 4132 897 4165 ,
913 4094 1027 4168 gratus
1043 4093 1209 4168 acceptam
1222 4104 1279 4146 re—

133 4183 208 4248 fero
220 4187 378 4261 elfredi
389 4191 423 4251 H
426 4192 461 4249 ol
467 4191 551 4249 deri
563 4186 771 4270 benignitati,
784 4187 895 4270 quiex
908 4184 1079 4249 itineribus
1096 4184 1202 4248 redux
1215 4183 1279 4249 hoc

132 4285 209 4371 ipso
237 4307 348 4351 mense
376 4286 556 4351 transmisit
584 4309 668 4373 quae
690 4285 829 4373 Vergilii
855 4288 919 4350 mei
947 4288 982 4348 in
1010 4308 1105 4348 usum
1132 4286 1278 4352 converti
