2820 4770
135 280 176 345 38
344 274 346 278 ’
579 294 830 340 enonaaounnou

135 467 224 529 huius
240 473 377 546 excerpta
393 466 546 544 leguntur:
570 466 607 527 ci.
623 465 785 528 Bursianus
801 465 837 525 ad
853 465 997 527 Senecam
1013 468 1106 548 prael.
1122 485 1151 548 p.
1162 462 1279 535 xvnu,

136 569 337 631 Buechelerus
358 569 451 647 prael.
475 568 511 630 ad
533 568 654 629 Patron.
677 587 706 647 p.
727 564 828 628 xxvi.

220 939 404 1015 Inpresra
425 943 668 1016 exemplaria
689 947 853 1008 vetusta,
878 939 915 1000 de
937 939 1046 1019 quihus
1067 941 1189 1019 copiose
1204 939 1279 1000 Nae·

136 1041 203 1101 hius
223 1041 255 1100 in
277 1040 296 1100 Ι.
313 1040 332 1104 Ι,
349 1039 495 1112 disseruit,
518 1042 705 1122 paucissimis
728 1040 903 1118 quibusdam
927 1040 1008 1111 locis,
1032 1040 1140 1118 quihus
1156 1040 1195 1101 de
1209 1059 1279 1102 anc-

134 1142 253 1202 toritate
268 1143 434 1221 scripturae
449 1144 548 1203 minus
568 1150 649 1204 certo
666 1148 824 1212 constaret,
839 1140 944 1202 vellem
961 1141 1118 1204 consulere
1136 1141 1280 1203 licuisset.

135 1241 188 1302 s'ed
204 1244 353 1304 succurrit
374 1263 410 1305 ex
426 1250 510 1322 parte
532 1243 680 1306 desiderio
696 1242 841 1303 Hinchius
861 1261 955 1313 meus,
972 1245 1022 1322 qui
1038 1248 1067 1303 et
1081 1244 1280 1305 Mutinensem

137 1343 295 1405 editionem
311 1345 381 1405 anni
397 1341 479 1406 1475
493 1343 672 1406 etdldr'nam
685 1347 819 1420 priorem
834 1362 860 1404 a.
875 1340 956 1405 1517
969 1363 1034 1405 mea
1049 1346 1143 1422 gratia
1158 1344 1278 1425 passim,

136 1445 188 1506 uhi
209 1463 318 1524 operae
339 1447 466 1525 pretium
493 1452 578 1515 esset,
600 1442 738 1523 inspexit.
778 1444 913 1505 mihimet
933 1444 1042 1522 vulgati
1064 1452 1160 1507 textus
1182 1445 1279 1505 lantes

136 1545 194 1606 duo
208 1552 384 1626 patuerunt,
405 1546 549 1625 principis
572 1546 709 1608 editionis
724 1546 874 1606 Romanae
892 1545 1094 1625 apographum
1109 1545 1279 1608 Basileense

136 1653 166 1707 et
186 1647 290 1708 Aldina
312 1647 451 1710 socunda.
484 1646 648 1727 dequibus
668 1665 761 1728 pauca
783 1649 870 1708 etiam
892 1647 1039 1708 monenda
1062 1654 1140 1709 sunt.

221 1799 236 1844 ε
256 1804 300 1834 --
321 1781 415 1843 codex
443 1782 627 1843 Basileensr's
655 1781 829 1844 chartaceus
857 1799 933 1842 saec.
958 1778 1017 1851 XV,
1048 1799 1064 1843 a
1087 1781 1209 1844 domino
1233 1782 1277 1843 lo-

136 1882 235 1943 hanne
257 1880 294 1943 de
317 1881 427 1962 Lapide
449 1882 576 1944 donatus
600 1881 763 1944 cathedrali
784 1881 961 1953 Basilcensi‚
986 1890 1123 1945 accurate
1147 1883 1278 1964 descrip-

138 1992 185 2043 tus
218 2001 235 2042 a
268 1982 380 2044 Naekio
421 1982 481 2044 Cat.
514 2002 544 2063 p.
573 1979 636 2045 365
664 2000 728 2061 sqq.
791 1992 858 2062 post
889 1983 930 2045 lo.
969 1983 1105 2053 Andreae
1146 1987 1279 2065 episcopi

136 2083 297 2144 lileriensis
327 2083 467 2163 epistulas
495 2083 567 2145 duas
594 2086 624 2144 in
649 2086 776 2163 primam
800 2090 829 2145 et
850 2086 881 2144 in
903 2084 1064 2146 secundam
1086 2084 1202 2164 Virgilii
1225 2087 1279 2147 im·

136 2185 323 2263 pressionem
346 2184 383 2245 ad
405 2183 528 2246 Paulum
550 2185 576 2247 11
603 2185 708 2264 pontif.
733 2203 808 2245 max.
834 2183 916 2246 datas
938 2186 1025 2246 vitam
1047 2186 1177 2264 Virgilii,
1216 2188 1278 2266 epi·

137 2293 300 2362 grammata
332 2285 475 2364 quaedam
505 2292 534 2345 et
561 2291 733 2363 argumenta
756 2285 809 2346 xil
836 2285 982 2347 Aeneidos
1008 2292 1149 2349 secuntur
1175 2289 1277 2363 autea,

138 2387 240 2461 dirae,
265 2404 361 2465 capa,
384 2393 429 2446 est
449 2394 478 2446 et
501 2393 639 2461 nonest,
664 2389 711 2447 atr
731 2387 840 2464 bonas,
863 2403 962 2462 rosae,
985 2395 1148 2458 moretum·
1170 2388 1281 2448 deinde

137 2495 204 2565 post
232 2487 288 2547 alia
317 2488 528 2566 epigrammata
562 2484 705 2564 quaedam
735 2489 873 2550 hacotr'ca
899 2491 1047 2564 peorpt'ca
1074 2489 1182 2550 Aeneis
1211 2509 1281 2551 cum

137 2587 214 2647 libro
236 2586 302 2648 Xlll
324 2605 340 2647 a
363 2587 487 2667 Mapheo
516 2587 624 2649 addito.
670 2607 759 2649 manu
787 2589 879 2650 altera
907 2589 1000 2650 multo
1028 2591 1126 2651 minus
1153 2591 1281 2670 pulchra

136 2695 255 2768 praeter
277 2687 333 2748 alia
355 2706 431 2767 quae
454 2688 500 2749 his
522 2687 635 2749 adnexa
651 2697 718 2750 sunt
740 2691 867 2768 scriptae
889 2690 927 2750 de
952 2691 1129 2752 Maecenate
1149 2696 1279 2768 electae,

137 2788 245 2850 deinde
267 2789 380 2865 Aetna,
408 2792 495 2867 atris,
519 2794 701 2852 catalecton.
747 2790 928 2870 descriptum
952 2808 1017 2851 esse
1040 2792 1120 2854 hunc
1143 2792 1281 2854 codicem

137 2895 205 2950 ‘aut
219 2896 314 2951 totum
330 2897 381 2952 aut
395 2889 484 2969 longe
498 2891 654 2952 maximam
669 2893 802 2968 partem'
826 2910 862 2952 ex
876 2894 1007 2954 editione
1021 2895 1161 2955 Romana
1177 2897 1281 2955 altera

136 3010 163 3052 a.
189 2985 269 3052 1471
293 2996 323 3050 et
344 2987 472 3057 Orelllus
495 2989 641 3070 Silligium
664 2989 766 3054 docuit
788 2998 817 3053 et
839 2992 1052 3055 demonstravit
1075 2994 1204 3055 Nackius
1228 2994 1278 3075 (cl.

137 3112 167 3171 p.
182 3088 244 3152 367
268 3097 298 3151 et
311 3088 395 3171 380),
420 3097 597 3169 quamquam
620 3099 689 3152 sunt
712 3091 857 3172 quaedam
880 3094 957 3155 inter
980 3094 1057 3158 hanc
1074 3101 1103 3155 et
1126 3095 1280 3175 exemplar

135 3191 302 3253 Basileense
335 3192 532 3261 differentiae,
571 3210 646 3270 quae
680 3211 739 3254 non
772 3194 888 3273 possint
923 3193 1038 3255 librarii
1071 3193 1279 3274 neglegentiae

135 3291 233 3353 tribui.
276 3294 308 3352 in
335 3295 432 3354 calice
459 3312 551 3354 nuum
580 3293 784 3355 tantummodo
813 3293 964 3374 exemplar
992 3315 1045 3357 ms.
1068 3313 1176 3376 parurn
1203 3296 1279 3358 illud

136 3392 322 3453 emendatum
345 3392 401 3454 sihi
423 3394 454 3454 in
469 3403 587 3474 promtu
608 3394 698 3456 inisse
720 3402 821 3456 narrat
843 3396 1011 3475 episcopus.
1044 3415 1119 3475 quae
1142 3417 1278 3460 accesse-

136 3500 205 3554 runt
226 3495 256 3555 in
279 3493 370 3554 altera
394 3494 439 3556 ed.
463 3495 595 3557 Romana
618 3496 716 3557 Aetna
743 3498 816 3557 atris
844 3498 996 3558 catalecta
1020 3510 1055 3558 ex
1078 3497 1181 3560 codice
1203 3518 1278 3578 quo·

135 3596 202 3657 dam
223 3595 380 3673 Pomponii
401 3595 483 3656 Laeti
512 3595 616 3657 mutilo
643 3598 675 3657 in
702 3598 761 3657 line
789 3580 929 3674 lectuque
957 3592 1131 3659 dillicillimo
1159 3600 1204 3660 vel
1228 3601 1278 3662 hic

133 3695 193 3757 illic
216 3693 294 3755 laeso
319 3696 405 3758 etiam
429 3695 576 3776 descripta
597 3707 674 3759 snut.
719 3697 798 3758 tande
822 3698 932 3759 lactum
956 3705 988 3759 ut
1014 3698 1201 3761 hemistichia
1224 3701 1277 3762 ali·

135 3803 208 3875 quot
229 3796 336 3856 omissa
358 3797 427 3856 sint.
455 3800 606 3859 catalecta
630 3797 735 3858 eodem
757 3798 862 3859 ordine
885 3806 917 3860 ut
939 3800 968 3859 in
993 3802 1101 3861 ceteris
1123 3801 1278 3864 codicibus

133 3897 241 3957 nostris
264 3896 428 3976 perscripta
451 3903 533 3968 sunt,
562 3897 615 3959 sed
636 3898 776 3960 deliciunt
798 3900 868 3961 inde
890 3919 907 3962 a
928 3901 983 3962 llll
1006 3918 1030 3960 v.
1054 3899 1090 3972 3,
1118 3910 1150 3963 ut
1179 3903 1279 3965 desint

131 3997 183 4057 llll
205 3994 225 4057 3
247 4016 310 4077 sqq.
340 3999 373 4058 V.
405 3998 452 4058 Vl.
486 3998 687 4080 subscriptum
716 4002 748 4060 P.
785 4002 909 4078 Vtrpr'lr'a'
940 4002 1076 4065 Maronis
1104 4006 1278 4066 Catatecton

132 4099 240 4159 desinit
269 4096 376 4159 litteris
409 4101 536 4160 miniatis
566 4100 675 4162 eisdem
707 4102 812 4180 quibus
845 4103 937 4165 ceteri
965 4105 997 4164 in
1030 4106 1131 4183 priore
1165 4106 1277 4168 codicis

130 4206 214 4277 parte
242 4198 319 4258 tituli
351 4202 446 4261 ornati
474 4210 557 4271 sunt,
590 4222 657 4264 cum
685 4205 716 4265 in
739 4203 831 4266 altera
863 4211 1028 4266 atramento
1062 4206 1277 4288 inscriptiones

131 4299 227 4361 iactae
249 4300 316 4361 sint.
394 4334 396 4338 2
