2820 4770
627 250 727 298 carun
749 252 796 293 111.
1240 228 1282 294 57

123 423 267 516 periisse
290 427 388 482 aulem
412 427 525 481 certum
550 427 596 480 est
618 427 647 480 ct
669 419 793 481 alterum
817 420 980 480 sententiae
1003 417 1169 479 membrum
1193 419 1282 497 parti·

125 524 207 594 cula
228 526 289 584 sine
311 523 458 603 incipiens
482 529 511 582 et
534 522 687 599 utriusque
709 530 862 601 protaseos
885 521 1042 600 apodosin,
1067 521 1152 581 cuius
1166 520 1283 579 ‘frustu-

126 637 204 698 lum
235 624 361 685 fortasse
395 632 439 684 est
472 631 639 699 utromque.
687 631 716 683 et
744 632 974 684 consentaneum
1009 629 1084 692 crat,
1123 622 1160 681 de
1187 621 1282 681 lutura

131 726 250 808 Lydiae
272 743 342 786 suae
366 732 446 787 sorte
469 723 557 804 paulo
580 726 727 804 copiosius
749 732 865 804 poetam
890 727 1036 802 augurari.
1250 797 1258 808 ⁹

227 826 374 887 Restituto
397 834 428 887 ut
449 829 599 906 potuimus
623 825 726 886 ordine
748 845 886 886 versuum
911 833 939 886 et
962 844 1039 885 nexu
1057 834 1144 904 atque
1160 825 1283 886 consilio

136 928 282 1016 poematii
304 927 457 1006 explorato
479 928 710 1006 circumspicere
732 926 842 995 licebit,
867 945 923 1004 qua
947 928 975 986 in
1000 927 1192 1005 disponendis
1214 946 1282 1006 par·

142 1032 223 1097 tibus
250 1037 313 1090 arte
343 1047 411 1090 usus
438 1031 476 1090 sit
499 1038 593 1108 poeta.
640 1037 669 1090 et
691 1029 761 1089 lecit
788 1027 952 1108 periculum
983 1029 1171 1108 stropharum
1195 1027 1284 1087 orbes

148 1128 314 1212 aequabiles
342 1130 430 1191 modo
453 1130 498 1191 bis
529 1130 616 1190 modo
643 1137 689 1190 ter
712 1130 853 1208 repetitos
880 1110 1042 1191 secundum
1064 1129 1282 1190 intercalarium

150 1251 281 1295 versuum
306 1232 411 1293 indicia
435 1231 634 1310 componendi
657 1229 850 1301 Goebbelius,
881 1250 970 1311 quem
993 1233 1096 1310 negari
1122 1233 1167 1290 vix
1190 1238 1286 1310 potest

157 1334 287 1418 quaedam
317 1335 388 1395 satis
418 1343 498 1394 recte
526 1333 776 1394 animadvertisse.
822 1351 926 1393 verum
956 1333 1033 1393 enim
1065 1340 1108 1393 est
1135 1341 1202 1412 post
1224 1340 1285 1393 tres

159 1439 255 1519 primos
277 1454 389 1506 versus,
414 1454 488 1515 quos
510 1436 654 1514 prooemii
676 1435 737 1494 vice
760 1435 843 1512 iungi
865 1434 1025 1513 perspexit,
1050 1441 1186 1511 quattuor
1201 1430 1285 1495 4-7

159 1538 254 1600 babere
276 1539 327 1616 qui
350 1537 483 1616 apprime
507 1535 706 1614 respondeant
729 1534 849 1596 ultimos
866 1533 1020 1624 987101.
1066 1536 1143 1596 idem
1169 1537 1287 1613 agnovit

164 1640 300 1721 quinorum
324 1655 460 1699 versuum
485 1655 538 1714 par
553 1632 677 1697 37-41
702 1633 871 1698 6142-46
890 1646 919 1698 et
940 1644 1021 1699 recte
1044 1637 1217 1717 complexus
1241 1643 1286 1697 est

165 1758 233 1802 senos
254 1735 359 1800 8-13
383 1747 411 1799 et
432 1734 573 1807 48--53,
609 1755 787 1815 quamquam
822 1757 877 1799 nec
905 1738 978 1799 baec
1005 1740 1083 1799 inter
1113 1758 1144 1799 se
1172 1739 1285 1799 ratione

166 1841 207 1902 ulla
232 1841 376 1900 contineri
404 1849 474 1918 puto
504 1857 559 1899 nec
587 1839 703 1899 tertiam
733 1857 818 1918 quam
842 1840 888 1901 bis
911 1841 1076 1919 oppositam
1100 1859 1163 1900 esse
1186 1840 1287 1901 statuit

163 1940 296 2022 stropham
325 1938 449 2003 76-81
478 1939 582 2019 probo.
627 1942 658 2000 in
687 1943 794 2001 ceteris
827 1960 913 2020 quam
949 1941 1092 2003 violenter
1125 1949 1153 2002 et
1181 1959 1285 2020 parum

116 2078 124 2087 ·
163 2043 306 2125 prudenter
335 2025 467 2103 versatus
501 2043 539 2101 sit
573 2059 712 2101 enarrare
743 2041 873 2120 longum.
920 2041 1005 2103 nobis
1032 2062 1102 2103 vero
1132 2043 1284 2120 egregium

162 2146 199 2207 hic
223 2151 341 2225 praesto
369 2146 424 2205 luit
453 2144 661 2203 documentum
685 2151 773 2223 atquo
796 2141 935 2203 auxilium
960 2145 1030 2204 artis
1052 2142 1145 2203 codex
1168 2142 1286 2203 Bembi-

162 2267 213 2317 nus,
234 2248 264 2306 in
287 2264 345 2322 quo
368 2245 474 2307 litteris
497 2246 628 2305 miniatis
649 2244 809 2305 initialibus
831 2245 862 2305 1ιί
886 2247 980 2305 nostri
1002 2245 1094 2323 idylin
1110 2263 1212 2305 versus
1227 2245 1286 2304 dis·

115 2370 117 2427 3
162 2348 230 2409 tincti
250 2353 330 2407 sunt:
356 2343 405 2407 14.
428 2342 479 2406 20.
503 2341 553 2406 26.
577 2342 627 2406 30.
651 2342 701 2406 54.
726 2342 776 2406 63.
801 2342 851 2407 67.
876 2342 927 2405 71.
951 2343 999 2408 75.
1023 2343 1073 2406 84.
1095 2343 1144 2407 89.
1168 2342 1218 2408 95.
1236 2343 1286 2407 97.

115 2526 117 2533 Ι
162 2447 312 2527 exquibus
334 2467 424 2509 novas
447 2449 608 2509 sententias
631 2449 777 2527 incipiunt
799 2444 849 2508 20.
874 2445 924 2508 26.
948 2444 998 2508 63.
1021 2443 1072 2509 67.
1096 2444 1145 2509 84.
1168 2444 1219 2508 89.
1235 2445 1285 2518 95,

115 2606 117 2623 ,
164 2549 197 2611 rel
216 2559 413 2629 proasmatum
437 2549 483 2610 vel
507 2550 732 2628 cpbymniorum
756 2549 800 2609 rel
828 2550 1059 2626 mesymniorum
1081 2551 1143 2610 vice
1159 2552 1286 2627 lungun·

164 2661 201 2714 tur
221 2647 265 2711 14.
288 2648 341 2713 30.
363 2648 415 2712 54.
439 2648 487 2712 71.
513 2648 562 2712 75.
586 2647 637 2712 97.
681 2649 760 2729 quod
790 2668 848 2710 non
882 2668 965 2709 mero
994 2669 1063 2711 casu
1092 2650 1135 2710 vol
1165 2651 1286 2711 arbitrio

165 2753 272 2822 librarii,
302 2752 356 2813 sed
385 2758 466 2814 certo
495 2751 618 2812 consilio
642 2751 677 2811 ad
701 2750 857 2812 indicanda
880 2753 963 2826 quasi
986 2750 1119 2811 membra
1143 2752 1286 2828 quaedam

165 2856 280 2933 corporis
302 2853 413 2914 lactum
436 2872 502 2914 esse
524 2872 590 2914 cum
615 2871 668 2932 per
690 2873 722 2913 se
745 2850 898 2932 probabile
922 2854 960 2911 sit
981 2861 1043 2912 tum
1066 2851 1215 2913 luculento
1232 2852 1287 2913 bu·

166 2955 259 3016 colicon
283 2952 417 3034 exemplo
440 2954 672 3015 demonstratur.
716 2956 746 3013 in
769 2952 878 3033 quibus
902 2953 1007 3013 eodem
1030 2962 1206 3014 ornamento
1229 2974 1288 3014 non

168 3064 260 3117 tantum
288 3073 483 3135 personarum
513 3057 590 3116 vices
620 3062 695 3115 totas
724 3074 778 3134 per
802 3053 920 3132 eclogas
942 3054 962 3113 l.
986 3053 1034 3114 111.
1060 3054 1091 3114 7.
1116 3054 1174 3114 711.
1199 3055 1237 3114 111
1261 3065 1290 3116 et

168 3160 189 3217 in
200 3157 255 3218 7111
273 3157 466 3218 intercalares
489 3158 570 3217 etin
594 3155 730 3216 omnibus
754 3154 881 3216 initiales
905 3174 1006 3215 versus
1029 3162 1210 3225 constanter,
1226 3156 1287 3216 -sed

115 3290 119 3297 ·
169 3260 237 3319 etiem
258 3258 307 3320 alii
335 3259 392 3320 loci
421 3257 495 3320 tales
518 3258 748 3336 distinguuntur,
786 3257 865 3317 unde
893 3256 1030 3336 strophas
1059 3258 1102 3317 vel
1131 3258 1289 3337 particulas

115 3390 123 3414 .·
168 3359 312 3438 idylliorum
336 3377 426 3420 novas
449 3361 581 3438 incipere
604 3360 696 3436 signis
719 3358 859 3437 adpositis
881 3359 944 3437 ipse
965 3357 1105 3418 indicavi:
1130 3367 1248 3437 praeter
1263 3360 1289 3420 ll

169 3457 189 3529 6,
208 3460 263 3520 7111
287 3458 335 3522 17.
360 3456 401 3520 62
431 3459 492 3538 (ubi
522 3468 553 3519 ut
579 3462 610 3520 in
639 3459 704 3520 aliis
727 3459 812 3519 libris
835 3458 907 3519 7οΕ
929 3467 1136 3538 praenotatum
1160 3460 1214 3538 est)
1228 3457 1288 3521 64.

115 3580 128 3616 ς.
170 3559 250 3622 11146
277 3563 308 3649 ip
338 3560 392 3621 ecl.
421 3556 518 3621 11‘56.
543 3557 599 3627 66,
632 3557 740 3621 7127.
764 3557 821 3628 61,
851 3557 949 3620 1131.
973 3557 1023 3621 55.
1047 3557 1096 3620 60.
1121 3558 1170 3621 75.
1215 3580 1290 3639 <puae

115 3682 129 3718 a·
171 3665 279 3740 poeninis
301 3680 383 3723 meas
405 3661 614 3741 dispositiones
637 3663 814 3722 confirmare
837 3659 938 3732 laeter,
964 3669 1061 3722 tamen
1084 3680 1139 3722 nec
1154 3663 1290 3722 sulficere

119 3782 131 3819 2«
171 3774 271 3843 apparet
304 3764 340 3824 ad
367 3762 572 3824 illustrandam
606 3770 735 3824 totorum
770 3762 937 3842 idylliorum
967 3771 1149 3823 structuram
1179 3770 1207 3822 et
1235 3762 1289 3823 alio

115 3883 133 3920 e
171 3864 260 3927 librarii
289 3865 335 3926 vel
366 3865 550 3944 neglegentia
574 3866 619 3925 vel
649 3884 750 3925 errore
779 3867 935 3925 commissa
966 3884 1032 3925 esse
1055 3864 1207 3923 latendum
1231 3871 1289 3924 est:
1335 3945 1339 3951 .

115 3965 135 4022 b
173 3969 293 4046 quoipso
315 3967 403 4026 litut
425 3965 572 4026 nobismet
599 3967 671 4045 ipsis
694 3985 799 4045 sapere
828 3965 918 4025 licere
941 3966 1051 4026 certius
1072 3963 1288 4042 intellegamus.

130 4083 136 4121 ι
175 4084 221 4127 narn
240 4070 269 4129 in
293 4069 348 4129 ecl.
372 4067 410 4127 lll
434 4086 459 4128 v.
475 4064 517 4128 48
540 4067 615 4127 lalso
638 4068 662 4126 S
682 4066 825 4127 initialem
849 4068 999 4127 miniatem
1022 4067 1120 4145 posuit
1142 4065 1310 4134 librarius,'

122 4186 139 4220 a
176 4167 195 4226 in
211 4168 251 4228 711
271 4165 313 4229 69
336 4176 365 4229 et
388 4167 450 4227 7111
475 4165 513 4229 17
543 4187 648 4228 novam
676 4186 833 4247 personam
864 4175 967 4228 notare
994 4165 1155 4226 oblitusin
1178 4164 1291 4228 71165

117 4268 137 4325 d.
178 4274 313 4331 atramento
343 4288 398 4349 pro
421 4270 512 4331 minio
536 4288 606 4331 usus
630 4278 689 4340 est,
718 4287 773 4331 nec
795 4268 1002 4334 intercalarem
1027 4287 1143 4331 versum
1167 4265 1290 4333 711146
