2820 4770
615 279 716 322 carus
738 280 759 321 1.
1218 257 1256 321 11

132 461 156 520 in
179 448 238 511 sinu
266 447 370 506 matris
401 453 500 507 vectus
527 454 571 507 est
593 447 641 523 (ci.
666 446 777 508 Gellius
804 453 834 508 et
856 446 989 508 Valerius
1011 447 1181 524 Maximus),
1211 447 1256 508 331

133 556 189 620 inde
214 568 230 609 a
257 550 353 626 prima
380 547 504 638 Vergilii
531 549 654 609 infantia
680 550 760 610 inter
787 550 936 610 Mantuam
966 559 994 610 et
1022 551 1199 611 Cremonam
1228 558 1257 611 et

133 655 243 723 Brixiam
265 649 374 710 ‘mulio
397 648 589 710 celerrimus’
614 652 689 710 cisio
710 670 763 710 suo
780 651 879 712 volare
900 659 1025 731 poterat.
1064 671 1141 712 anno
1157 661 1256 713 autem

134 755 181 823 111
201 755 336 812 iuvenem
363 752 466 829 viginti
490 770 542 811 sex
570 770 716 813 annorum
744 755 824 813 iuter
846 752 917 814 alias
940 771 1047 831 nugas,
1080 755 1188 831 quibus
1209 755 1255 813 in-

135 857 208 923 dulsit
237 854 412 933 priusquam
435 852 472 912 ad
500 855 634 930 graviora
664 861 757 914 totum
780 856 911 914 animum
934 854 1129 924 adiunxisset,
1153 855 1256 932 quidni

134 966 176 1025 bos
203 974 317 1035 quoque
350 955 545 1034 lepidissimus
577 944 692 1015 iambos
725 956 832 1015 iecisse
869 954 1039 1025 credamus,
1078 959 1255 1035 praesertim
1352 996 1359 1003 -

135 1056 414 1143 quemCatullianam
437 1057 540 1135 poesin
563 1064 625 1117 tum
648 1059 679 1116 in
701 1055 813 1116 deliciis
836 1055 975 1117 habuisse
992 1065 1021 1117 et
1043 1057 1174 1117 studiose
1189 1060 1254 1118 imi·

134 1172 210 1227 tatum
242 1176 307 1218 esse
336 1165 381 1217 sat
408 1157 509 1218 multis
538 1157 680 1236 exemplis
705 1157 761 1236 (111.
786 1157 845 1218 Vll.
868 1157 954 1218 Vllll.
977 1157 1052 1236 Xlll)
1075 1158 1255 1220 viderimus?

134 1264 222 1329 nerito
242 1261 332 1338 igitur
348 1259 482 1338 ‘Vergilii
497 1258 651 1320 Sabinum'
670 1257 797 1318 laudarit
811 1258 1018 1348 Lachmannus
1033 1259 1119 1321 Lucr.
1137 1281 1166 1340 p.
1181 1258 1253 1322 326.

135 1363 202 1430 nihili
223 1363 301 1421 enim
324 1362 419 1421 sentio
444 1379 510 1421 esse
533 1361 610 1437 quod
633 1359 845 1436 Ilertzhergius
868 1361 948 1431 dicit,
972 1380 1032 1420 uon
1055 1371 1114 1422 tam
1131 1364 1254 1441 impium

135 1462 345 1530 tuissebonum
368 1463 534 1535 Maronem,
564 1469 596 1522 ut
617 1480 687 1521 suae
709 1463 773 1541 ipse
795 1463 924 1541 patriae,
956 1462 1120 1523 Cremonae
1142 1462 1256 1525 scilicet

132 1568 252 1646 tripidoe
274 1571 304 1624 et
324 1568 442 1625 lutosae
464 1563 575 1624 Gaiiiae
599 1561 649 1643 (12
672 1562 746 1642 sqq.)
771 1563 848 1623 male
871 1563 992 1624 diceret.
1031 1581 1087 1623 nec
1109 1566 1253 1642 originem

135 1667 256 1731 Gallicam
279 1665 392 1725 homini
415 1666 537 1735 Picenti,
562 1665 612 1740 qui
635 1672 737 1743 postea
761 1664 796 1743 (v.
820 1662 850 1741 8)
873 1665 982 1726 Sabini
1003 1667 1179 1743 cognomine
1201 1666 1254 1725 ho·

135 1768 328 1833 noriticentiori
362 1765 463 1827 maluit
497 1764 655 1846 appellari,
690 1766 808 1826 crimini
843 1765 906 1834 dat,
941 1773 974 1827 ut
1008 1765 1057 1826 ille
1091 1767 1166 1837 vult,
1202 1768 1255 1828 sed

135 1870 277 1935 mulionem
299 1868 380 1928 ridet
402 1867 553 1928 consulem
576 1869 695 1928 iactum.

200 1970 388 2049 Epigramma
410 1968 477 2039 XII,
506 1977 538 2029 ut
565 1969 686 2048 Hauptii
714 1968 784 2047 (ind.
813 1969 892 2030 lectt.
916 1970 1014 2030 Berol.
1041 1967 1120 2032 1859
1147 1991 1177 2051 p.
1206 1970 1253 2051 12)

135 2073 205 2136 verba
225 2091 290 2132 mea
312 2073 429 2140 laciam,
454 2070 508 2131 ‘ad
531 2070 727 2131 Mithridatem
750 2073 899 2150 pertinere
922 2071 1106 2149 probabilior
1128 2073 1254 2134 aliorum

134 2172 305 2255 opinionibus
337 2191 434 2252 neque
467 2181 566 2232 tamen
599 2175 679 2233 omni
707 2171 889 2232 dubitatione
918 2191 1007 2232 vacua
1036 2177 1182 2235 sententia
1212 2183 1256 2236 est

133 2274 300 2339 Ruhnkenii'
325 2274 361 2334 ad
378 2272 449 2333 Veli.
466 2273 491 2332 11
509 2271 558 2342 18,
574 2271 603 2342 3,
628 2275 674 2333 cui
697 2275 821 2353 praeivit
837 2274 984 2351 Scaliger:
1008 2293 1076 2335 nam
1099 2295 1153 2336 uec
1167 2277 1254 2337 Pom·

133 2381 200 2458 peius
224 2376 320 2452 (cuius
349 2375 529 2454 epitaphium
554 2375 618 2435 vide
640 2375 718 2454 apud
741 2376 890 2454 Meyerum
915 2374 1025 2435 anthol.
1051 2395 1078 2437 n.
1104 2375 1175 2457 730)
1200 2397 1255 2438 nec

133 2479 255 2541 Antonius
285 2476 329 2537 331
357 2495 482 2555 regnum
511 2478 546 2556 (3.
573 2475 600 2554 1)
623 2476 756 2555 possedit
784 2476 828 2536 331
857 2477 1045 2537 ‘servitium'
1074 2479 1253 2539 113333313-

134 2582 188 2641 iisse
211 2579 256 2653 vel
288 2579 409 2656 ‘pulsus
436 2580 469 2638 in
498 2578 635 2638 exilium’
671 2578 790 2657 proprie
819 2578 876 2638 dici
904 2586 1030 2657 poterat.
1076 2598 1253 2658 quamquam

134 2680 297 2743 Mithridates
324 2698 442 2758 quoque
472 2682 635 2759 permirum
670 2687 714 2739 est
742 2680 821 2756 qnod
854 2678 972 2739 ‘subito
1001 2680 1099 2740 medio
1128 2683 1158 2741 in
1188 2702 1253 2743 cer·
1310 2719 1311 2722 =

134 2785 223 2844 tamine
246 2800 392 2861 praeceps
414 2783 580 2842 corruisse’
604 2782 726 2855 dicitur,
757 2799 824 2840 cum
848 2791 986 2860 coeptum
1009 2784 1046 2842 sit
1068 2781 1178 2843 bellum
1201 2786 1253 2845 Mi-

134 2884 302 2944 tbridaticum
331 2903 357 2944 a.
382 2880 458 2952 666,
494 2884 609 2943 linitum
644 2883 763 2942 demum
797 2890 893 2943 morte
921 2884 1002 2942 senis
1029 2902 1055 2943 a.
1084 2880 1156 2944 691.
1201 2886 1254 2946 sed

134 2986 204 3047 alium
229 2988 260 3045 in
288 3004 376 3064 quem
406 2984 513 3044 melius
541 2984 615 3046 haec
643 2986 740 3045 omnia
769 2984 950 3063 quadrarent
975 2983 1086 3044 lrustra
1109 2987 1253 3063 quaesivi·

89 3074 91 3079 ⁵
134 3106 192 3148 nus.
225 3093 442 3167 potestantem
465 3088 660 3165 epigramma,
685 3086 761 3166 quod
785 3087 906 3164 imagini
928 3087 1009 3162 regis
1032 3086 1180 3146 subscribi
1204 3107 1253 3148 3ο-

133 3188 173 3248 luit
190 3196 299 3257 auctor,
314 3188 417 3249 multo
438 3196 506 3267 post
529 3189 639 3248 exitum
662 3188 724 3248 eius
746 3189 854 3247 lactum
879 3205 944 3246 esse
967 3194 1071 3265 estque
1092 3205 1192 3264 perse
1209 3189 1253 3249 331

89 3304 91 3309 ·
133 3293 224 3368 optimo
245 3295 333 3369 poeta
356 3290 487 3368 dignum.
532 3296 689 3367 argenteae
712 3289 889 3349 Mithridatis
912 3294 1026 3348 statuae
1048 3291 1079 3348 in
1103 3290 1253 3369 triumpho

89 3390 92 3477 i
133 3389 233 3469 Pompei
257 3390 446 3451 circumlatae
469 3391 652 3451 mentionem
675 3390 746 3449 lecit
768 3389 880 3451 Plinius
902 3408 931 3450 n.
950 3389 979 3448 li.
1004 3389 1097 3473 xxm
1114 3387 1162 3459 12,
1182 3388 1251 3453 151.

89 3490 92 3523 ³
198 3490 327 3570 Elegiam
350 3492 386 3552 ad
409 3490 575 3552 Messallam
601 3490 695 3569 (catal.
719 3491 778 3567 ΧΙ),
801 3508 977 3570 quamquam
1001 3493 1031 3552 in
1055 3492 1158 3552 eodem
1181 3512 1253 3571 poe·

89 3666 92 3675 .
135 3597 209 3653 tarum
231 3601 319 3654 coetu
342 3601 408 3655 nata
433 3600 485 3663 est,
509 3595 540 3653 in
563 3612 620 3672 quo
644 3592 817 3654 versabatur
832 3591 986 3670 Vergilius,
1011 3601 1192 3654 tamennon
1217 3595 1253 3655 ab

89 3686 92 3751 ἒ
134 3692 176 3754 hor
194 3697 329 3772 scriptam
353 3713 419 3754 esse
435 3703 548 3755 eertum
567 3681 688 3755 videtur.
728 3694 828 3754 docuit
843 3695 922 3753 enim
942 3695 1001 3754 iam
1018 3695 1149 3773 Scaliger
1169 3697 1253 3756 initio

89 3794 92 3813 '
137 3795 183 3854 eins
205 3794 337 3855 versibus
364 3793 384 3855 3
408 3813 472 3874 sqq.
502 3797 662 3873 significari
689 3795 726 3855 M.
751 3793 857 3855 Valerii
890 3793 1042 3856 Messallae
1071 3795 1189 3856 Corvini
1217 3815 1252 3856 ex

137 3892 208 3954 Gallia
238 3895 423 3974 triumphum
451 3916 477 3955 a.
508 3896 535 3955 d.
566 3896 617 3957 Vll
640 3895 701 3955 llal.
733 3895 797 3956 Oct.
827 3897 895 3955 anni
919 3892 979 3956 727
1003 3904 1118 3957 actum.
1164 3916 1252 3975 quem

89 4016 93 4077 g
139 4013 190 4055 sane
206 3997 234 4056 in
255 3997 353 4057 Africa
376 3996 547 4057 militavisse
571 3998 606 4076 (v.
623 3993 674 4074 52)
699 4003 728 4057 31
749 3998 780 4056 in
794 3996 936 4074 Hispania
955 3996 990 4057 ad
1014 3997 1126 4075 Tagum
1148 3997 1183 4073 (3.
1199 3994 1250 4076 53)

89 4086 91 4164 f
141 4104 160 4155 31
179 4096 245 4158 ultra
271 4096 381 4159 Oceani
413 4097 487 4159 adeo
520 4099 593 4158 lines
622 4098 656 4178 (v.
684 4095 734 4171 54)
764 4100 798 4159 in
831 4097 1015 4159 Britanniam
1052 4100 1252 4176 penetravisse
1287 4161 1288 4164 ,

142 4197 252 4259 traditum
279 4218 339 4259 non
370 4208 429 4269 est;
459 4199 512 4259 sed
542 4218 601 4259 non
629 4207 690 4260 tam
718 4200 754 4259 ad
787 4200 884 4279 ipsum
917 4218 1005 4279 quarn
1038 4197 1073 4258 ad
1102 4199 1252 4261 Messallas

142 4306 238 4360 cunctos
258 4300 331 4361 haec
355 4300 511 4362 reserenda
534 4308 636 4362 monet
657 4300 780 4380 pluralis
803 4319 944 4363 numerus
967 4321 993 4363 3.
1016 4297 1059 4361 40
1081 4308 1250 4380 usurpatus.
