2820 4770
519 293 727 342 PRAEFATIO.
1132 293 1198 340 XIII

142 464 219 526 Alia
240 484 319 526 vero
342 483 424 548 quae
447 470 613 547 tamquam
635 485 708 526 mea
729 462 887 528 refutavit
902 459 999 526 Thilo
1020 484 1198 548 numquam

55 564 143 628 dixi:
179 586 204 628 e.
227 585 255 627 c.
284 562 391 627 videri
425 561 495 626 dixi
522 585 574 626 res
603 572 636 626 et
661 584 815 647 magnam
844 564 991 648 ipsorum
1023 562 1197 628 verborum

15 744 19 755 Ι
55 672 184 749 partem
198 662 403 727 Macrobium
426 663 596 747 integriori
612 663 726 728 Servio
750 664 885 747 debere,
908 686 973 728 non
996 664 1067 729 dixi
1089 672 1198 729 aucto·
1248 687 1250 691 ’

55 766 147 830 ritati
176 764 246 829 eius
273 785 508 849 usquequaque
536 764 702 828 addictum
728 787 792 829 non
819 764 995 850 protulisse
1022 766 1087 829 nisi
1114 789 1198 853 quae

22 920 26 928 .
57 889 118 931 suo
156 865 211 930 ille
247 863 372 930 calculo
409 865 665 952 comprobasset.
709 887 815 951 neque
852 867 937 930 enim
971 875 1040 930 tam
1075 866 1198 932 nullius

56 968 176 1031 mentis
204 966 366 1032 hominem
393 966 598 1030 Macrobium
623 964 702 1029 mihi
724 965 828 1049 fingo,
857 969 912 1053 qui
934 977 1001 1031 non
1022 988 1121 1032 ausus
1145 970 1198 1050 sit,

57 1069 138 1131 dum
169 1067 249 1152 legit
287 1067 499 1153 excerpitque
523 1068 741 1152 grammatici
782 1069 932 1153 quamvis
967 1091 1092 1134 summo
1129 1067 1199 1134 loco

56 1167 165 1232 habiti
187 1176 388 1257 commenta,
418 1168 518 1232 etiam
539 1189 623 1257 quae
644 1167 698 1232 hic
719 1190 785 1231 non
806 1169 1012 1254 probaverit,
1035 1170 1200 1235 rettulerit

56 1279 184 1352 tamen,
219 1290 278 1354 pro
310 1270 398 1334 veris
425 1270 654 1334 commendare
690 1268 747 1352 (cf.
775 1292 808 1355 p.
835 1272 873 1334 17
902 1269 942 1334 de
970 1271 1053 1336 Aen.
1077 1271 1109 1334 V
1136 1272 1199 1337 238

58 1369 254 1455 disputata).
303 1392 363 1434 nec
395 1379 463 1434 tam
489 1370 680 1436 temerarius
709 1392 770 1454 ego
804 1371 870 1454 fui,
898 1380 936 1435 ut
962 1373 1124 1459 quidquid
1157 1372 1200 1437 ad

58 1468 291 1556 explicandum
313 1470 367 1537 vel
389 1472 627 1536 aestimandum
649 1482 779 1560 poetam
802 1471 933 1558 collegit
946 1473 1134 1540 Macrobius
1158 1497 1201 1539 ex

59 1593 122 1635 uno
147 1571 262 1638 Servio
291 1582 459 1659 sumptum
486 1597 558 1638 esse
585 1572 802 1638 confidentius
825 1574 1069 1640 adseverarem:
1099 1576 1200 1641 Hate

58 1675 151 1738 riano
173 1683 344 1762 utrumque
366 1698 463 1739 usum
485 1697 558 1739 esse
581 1672 638 1759 (cf.
655 1697 686 1760 p.
702 1674 758 1758 37)
781 1676 852 1761 ipse
873 1677 986 1741 monui
1007 1700 1039 1763 p.
1057 1678 1117 1741 177
1134 1701 1198 1764 sq.;

58 1775 148 1839 idem
174 1799 206 1863 p.
231 1777 291 1840 113
320 1778 361 1841 de
387 1775 528 1860 Vergilii
557 1775 744 1840 auctoribus
777 1777 1001 1861 quaestionem
1034 1778 1201 1865 antiquam

58 1875 229 1944 Macrobio
251 1878 294 1942 ad
315 1900 431 1942 manus
453 1876 557 1940 fuisse
580 1876 704 1941 conieci
727 1877 784 1962 (cf.
806 1875 902 1942 Thilo
924 1901 956 1965 p.
978 1880 1047 1964 48).
1081 1912 1085 1918 «

143 1980 320 2044 Praeterea
341 1978 429 2065 quod
450 1979 518 2064 p.5
541 1977 635 2043 docet
657 1977 867 2043 adversarius
890 1979 1055 2044 Isidorum
1077 1992 1110 2047 et
1131 2004 1199 2068 my-

58 2080 259 2166 thographos
293 2080 421 2167 aliquot
451 2078 532 2142 locis
564 2081 749 2145 breviorem
774 2080 890 2146 ‘Servii
922 2083 1027 2147 nostri
1062 2082 1201 2148 formam

58 2181 198 2246 reddere
225 2181 306 2246 nihil
332 2182 481 2267 profecto
508 2182 627 2266 probat
654 2182 718 2245 nisi
740 2182 828 2267 quod
850 2205 909 2269 per
936 2206 971 2247 se
994 2187 1074 2249 satis
1097 2184 1201 2249 credi·

58 2282 127 2346 bile
144 2294 205 2367 cst,
226 2282 293 2348 iam
314 2293 391 2348 ante
413 2281 543 2347 illorum
559 2292 708 2365 aetatem,
732 2283 765 2347 h.
780 2305 808 2348 e.
831 2293 906 2349 ante
922 2284 1088 2350 saeculum
1102 2287 1200 2373 septi-

57 2407 150 2449 mum
172 2386 226 2451 vel
248 2394 378 2450 sextum
401 2392 557 2469 excerpta
578 2393 690 2448 nostra
711 2385 802 2450 facta
823 2408 905 2450 esse.
941 2395 1104 2452 attamen
1126 2387 1200 2452 aliis

56 2487 141 2552 locis
170 2487 318 2554 Isidorus
348 2487 446 2550 etiam
474 2507 547 2550 cum
574 2484 723 2551 Danielis
752 2487 927 2552 scholiasta
953 2490 1120 2574 conspirat
1142 2489 1155 2573 (
1176 2490 1199 2553 f.

55 2612 92 2674 p.
114 2589 137 2652 5
159 2588 241 2675 sq),
265 2589 324 2653 ubi
350 2609 424 2652 cum
446 2609 649 2652 communem
669 2589 800 2673 utrique
827 2587 952 2678 fontem
979 2590 1082 2654 fuisse
1102 2589 1199 2656 Thilo

55 2690 131 2775 ipse
153 2691 321 2771 concedat,
344 2690 423 2776 quid
446 2698 496 2754 est
517 2712 576 2753 cur
598 2688 639 2752 de
662 2689 845 2775 antiquiore
867 2711 965 2774 quam
987 2689 1095 2756 Servii
1117 2714 1200 2756 oom-

55 2794 220 2858 mentario
249 2792 454 2877 cogitemus?
491 2792 547 2877 qui
575 2813 635 2877 per
662 2791 784 2874 gradus
807 2787 976 2877 paullatim
998 2791 1200 2879 despoliatus

55 2894 224 2979 quaedam
245 2896 280 2959 in
302 2916 341 2959 eo
363 2892 557 2979 exemplari,
586 2914 650 2978 quo
672 2892 820 2957 Isidorus
841 2914 920 2957 usus
942 2901 1009 2975 est,
1032 2895 1132 2960 etiam
1152 2918 1201 2958 re·

55 2996 178 3078 tinuit,
206 2985 291 3083 quae
317 2994 460 3081 vulgatis
490 2994 658 3059 codicibus
686 2994 807 3058 nostris
830 2993 1033 3058 saeculorum
1054 2996 1131 3061 noni
1153 3018 1200 3060 re·

56 3099 308 3184 cantiorumque
329 3098 395 3162 iarn
417 3096 546 3161 desunt.

146 3200 194 3264 At
219 3201 307 3264 enim
334 3220 412 3264 vero
440 3196 506 3262 alia
533 3197 693 3283 quaedam
714 3198 766 3262 vir
788 3197 904 3262 doctus
926 3197 960 3288 in
981 3220 1093 3263 museo
1116 3198 1200 3263 Rhe-

56 3321 148 3365 nano
170 3299 248 3365 olim
270 3299 370 3385 (XIV
392 3323 425 3386 p.
446 3298 524 3382 550)
553 3299 662 3363 attulit
689 3309 892 3383 argumenta.
935 3299 1076 3384 primum
1102 3298 1198 3366 libro-

56 3424 152 3485 rum,
176 3402 293 3487 quibus
316 3401 487 3465 mutilatus
509 3399 644 3465 Servius
666 3399 824 3483 traditur,
846 3398 1101 3483 multitudinem,
1123 3424 1201 3488 pau·

57 3503 196 3567 citatem
237 3512 352 3568 contra
382 3501 647 3566 Danielinorum:
693 3503 780 3588 quod
816 3502 938 3566 nemini
975 3503 1110 3588 inponet
1147 3505 1203 3589 qui

57 3604 245 3668 meminerit
273 3604 378 3669 solere
405 3604 582 3688 genuinum
609 3603 804 3690 scriptorum
837 3605 1046 3688 antiquorum
1078 3613 1204 3669 textum

58 3705 177 3792 paucis
199 3704 252 3770 vel
278 3727 344 3769 uno
372 3704 566 3792 exemplari,
594 3703 826 3791 interpolatum
853 3713 1033 3768 ceterorum
1055 3706 1203 3771 codicum

59 3807 162 3872 turba
184 3815 350 3872 servatum
372 3829 453 3871 esse.
479 3815 550 3870 tum
571 3806 793 3893 subscriptum
815 3805 883 3870 illic
898 3806 1063 3892 expressis
1084 3806 1202 3872 litteris

61 3908 172 3972 Servii
199 3931 333 3991 nomen,
362 3910 519 3974 omissum
545 3908 609 3971 hic.
645 3909 689 3972 ad
713 3909 863 3974 Servium
890 3907 1022 3993 quidem
1043 3917 1132 3973 recte
1153 3930 1202 3972 re-

61 4009 144 4074 ferri
165 4011 316 4075 mutilata
337 4032 465 4096 quoque
479 4031 657 4096 numquam
671 4009 807 4094 negavi3
830 4008 991 4096 pleniores
1013 4030 1091 4075 vero
1114 4013 1202 4074 sche·
1311 4068 1316 4074 .

61 4109 127 4176 dae
147 4133 213 4176 non
233 4112 280 4177 ita
300 4112 439 4194 multae,
462 4109 671 4195 neglegenter
692 4119 726 4176 et
747 4111 877 4177 turbide
899 4111 1039 4197 scriptae
1063 4109 1120 4193 (cf.
1142 4110 1164 4173 l.
1180 4111 1202 4174 l.

61 4233 94 4296 p.
117 4211 192 4277 541.
216 4213 293 4298 543)
317 4221 507 4299 supersunt,
536 4213 624 4277 omni
646 4212 777 4298 quidem
801 4212 975 4276 destitutae
997 4209 1110 4293 titulo,
1138 4233 1202 4298 quo

62 4321 174 4383 tamen
196 4316 345 4400 quamvis
369 4324 510 4393 careant,
540 4313 638 4376 alicui
666 4312 782 4377 saltem
803 4314 929 4377 auctori
950 4335 1015 4376 non
1036 4314 1202 4379 nominato
