2820 4770
523 278 526 291 ’
612 307 713 351 caeno
734 307 755 348 1.

267 477 393 534 claudere
416 495 485 551 quae
507 493 586 533 cenas
609 476 713 534 lactuca
736 476 843 535 solebat
864 496 992 544 ovorum,

266 563 309 619 dic
331 563 410 624 mihi,
436 579 485 619 cur
507 570 613 619 nostras
636 563 746 619 incohat
767 563 812 619 illa
835 563 936 636 dapes?

89 652 93 769 )
134 697 185 745 enm
211 695 300 737 versu
323 673 364 737 76
393 674 439 751 (de
468 677 554 737 cuius
581 679 728 738 sententia
762 676 918 738 dubitandi
946 696 1033 740 causa
1054 677 1257 739 Wernsdorlio

89 778 91 827 5
132 780 194 846 nulla
221 776 296 856 erat)
324 777 490 839 Stauderus
518 779 550 837 in
580 778 647 839 lulii
670 777 804 838 Caesaris
834 779 948 839 diurnis
976 781 1159 858 antiquitatis
1188 782 1258 840 anni

134 877 198 947 1853
219 899 247 959 p.
273 875 337 939 290
359 877 571 954 demonstravit
596 879 738 939 Martialis
766 887 847 940 certe
876 887 970 941 aetate
992 881 1085 942 multo
1108 883 1258 958 antiquius

89 992 91 1017 ²
127 1001 191 1048 esse.
223 981 302 1058 quod
319 999 387 1042 cum
402 982 461 1041 iam
478 980 610 1059 Scaliger
626 981 876 1051 animadverterit,
894 1001 929 1042 eo
945 984 1038 1060 magis
1053 984 1161 1043 mirum
1177 983 1256 1062 quod

133 1083 257 1164 Septimio
280 1081 393 1142 Sereno
422 1082 525 1144 maluit
547 1101 634 1160 quam
656 1082 785 1160 Vergilio
809 1083 951 1144 tribuere.
996 1085 1045 1144 cui
1068 1103 1103 1144 eo
1126 1085 1256 1163 adstipu-

133 1189 192 1248 latus
229 1188 274 1242 est
312 1182 442 1245 Naehius
476 1184 593 1245 Catonis
627 1203 656 1263 p.
686 1180 748 1266 238
777 1205 821 1264 sq.
855 1192 887 1244 ut
915 1185 1036 1263 Vergilii
1068 1203 1134 1246 esse
1168 1187 1258 1246 conli-

134 1290 221 1350 denter
248 1292 386 1363 negaret,
416 1286 482 1362 quia
512 1285 625 1346 scilicet
648 1285 731 1346 stilus
754 1287 894 1346 carminis
916 1280 985 1347 non‘
999 1296 1032 1347 nt
1053 1288 1084 1346 in
1108 1285 1206 1346 Colice
1230 1295 1259 1347 et

135 1388 180 1450 tiri
198 1384 315 1456 rudior,
345 1387 398 1447 sed
422 1386 588 1472 elaboratus
617 1395 705 1466 atque
728 1395 964 1459 consummatus,
994 1398 1131 1449 tamena
1155 1390 1257 1466 Vergi-

89 1496 91 1501 '
134 1493 204 1556 liano,
228 1486 322 1564 qualis
345 1496 390 1548 est
414 1490 445 1548 in
467 1488 610 1550 bucolicis
633 1497 662 1549 et
684 1491 840 1568 georgicis,
865 1490 999 1550 diversus
1022 1497 1107 1550 esset.
1155 1508 1255 1550 verum

136 1599 180 1664 est,
204 1587 320 1648 adultae
343 1597 372 1649 et
393 1591 543 1667 perfectae
566 1592 652 1660 artis,
681 1609 740 1651 non
763 1590 887 1672 puerilis
909 1591 998 1650 studii
1020 1593 1172 1669 specimen
1195 1592 1256 1652 Mo-

135 1699 213 1756 retum
241 1707 321 1764 esse,
354 1690 433 1767 quod
461 1700 559 1752 autem
588 1710 604 1751 a
634 1692 775 1753 bucolicis
803 1698 834 1752 et
860 1692 1006 1769 georgicis
1034 1691 1142 1752 diversi
1169 1710 1257 1770 argu·

136 1793 208 1856 menti
234 1797 264 1851 et
291 1793 409 1870 generis
436 1793 567 1873 idyllium
590 1793 657 1853 stilo
680 1793 862 1874 aliquantum
884 1793 981 1862 distat,
1006 1810 1065 1852 non
1088 1794 1181 1870 magis
1203 1795 1257 1854 mi·

136 1913 185 1958 run
206 1911 292 1973 quam
316 1893 394 1972 quod
418 1893 557 1955 differunt
577 1896 656 1954 inter
671 1913 703 1954 se
725 1892 858 1954 bucolica
883 1901 912 1954 et
933 1897 1071 1973 georgica
1095 1903 1125 1955 et
1138 1895 1255 1955 Aeneis.

136 2013 204 2058 acne
224 1996 337 2055 invenit
360 1995 478 2073 quidem
500 1997 589 2057 huius
610 1994 705 2075 idyllii
727 2004 814 2074 poeta
837 2002 1058 2072 argumentum:
1090 2013 1157 2056 nam
1182 1997 1257 2055 anti·

137 2099 203 2178 quior
234 2096 299 2156 sine
333 2094 423 2156 dubio
458 2098 583 2158 Suettius
617 2097 748 2158 eiusdem
786 2096 864 2156 tituli
896 2103 1034 2176 poemate
1064 2096 1255 2159 hortulanum

136 2205 262 2261 moretum
279 2198 437 2260 facientem
455 2199 667 2278 descripserat,
691 2197 770 2259 unde
792 2205 859 2259 octo
875 2214 977 2259 versus
992 2198 1180 2260 hexametros
1195 2217 1257 2261 ser·

135 2302 195 2362 ravit
209 2298 376 2361 Macrobius
392 2301 451 2362 Sat.
467 2301 506 2360 lll
523 2296 571 2370 18,
590 2297 638 2360 11.
677 2301 759 2379 atqui
774 2299 896 2360 Suevius
918 2301 998 2359 inter
1019 2307 1134 2361 veteres
1155 2307 1257 2380 poetas

135 2403 186 2464 illos
205 2401 268 2470 luit,
292 2420 419 2481 quorum
441 2415 547 2464 aurum
562 2403 643 2463 Maro
667 2401 786 2480 collegit
810 2403 894 2462 utin
920 2403 982 2462 suis
1005 2401 1185 2463 carminibus
1207 2421 1256 2462 ex·

136 2509 240 2584 poneret
264 2502 339 2581 (vide
361 2503 542 2564 Macrobium
566 2482 688 2564 Sat‘vl
707 2500 733 2577 1,
757 2500 807 2563 37.
831 2499 860 2571 5,
887 2499 946 2579 15).
992 2522 1048 2564 nec
1070 2502 1257 2583 inprobabile

138 2605 239 2672 ridetur,
264 2623 450 2666 communem
472 2607 503 2664 in
526 2605 583 2664 hoc
605 2604 724 2684 quidem
745 2611 919 2682 argumento
935 2605 1089 2682 utriusque
1104 2592 1256 2665 auctorem

138 2707 209 2766 luisse
229 2705 432 2776 Parthenium,
457 2714 570 2767 motum
593 2713 690 2766 autem
713 2706 813 2766 Suevii
836 2706 971 2785 exemplo
994 2706 1153 2784 Vergilium
1176 2708 1255 2786 peri·

139 2807 217 2867 culum
238 2807 346 2868 iecisse
368 2826 440 2868 num
464 2807 588 2868 eandem
610 2826 674 2867 rem
698 2805 861 2885 elegantius
884 2814 913 2866 et
935 2806 1088 2884 pulchrius
1112 2826 1256 2867 exornare

139 2915 225 2987 posset.
257 2927 314 2969 nec
330 2909 436 2970 desunt
449 2911 480 2969 in
497 2911 628 2970 carmine
645 2907 803 2986 Vergiliani
819 2908 965 2967 sermonis
982 2909 1117 2986 vestigia:
1134 2909 1172 2969 cl.
1190 2927 1215 2967 e.
1230 2927 1255 2969 c.

140 3029 190 3069 cum
208 3029 233 3068 v.
257 3006 299 3069 82
322 3009 375 3070 ecl.
399 3011 412 3070 Ι
434 3008 484 3072 35.
529 3011 644 3071 Maroni
673 3012 765 3088 igitur.
789 3009 956 3069 tribuemus
985 3009 1131 3069 Moretum
1161 3009 1256 3069 donec

89 3132 91 3137 ·
140 3112 324 3170 monstraverit
346 3111 451 3188 aliquis
472 3113 571 3172 inesse
593 3130 668 3191 quae
691 3129 751 3171 non
773 3111 889 3188 possint
911 3109 947 3170 ab
971 3128 1006 3169 eo
1030 3117 1094 3170 orta
1117 3112 1223 3188 putari.

204 3211 386 3291 Synaloepha
415 3230 505 3291 parce
534 3218 563 3272 ct
584 3212 690 3273 leniter
712 3231 784 3273 usus
807 3218 852 3272 est
873 3218 959 3290 poeta
983 3211 1014 3270 in
1037 3211 1173 3271 versibus
1197 3207 1258 3270 124

140 3312 217 3374 decies
238 3315 364 3393 septies,
388 3322 434 3375 ter
455 3317 487 3374 in
510 3332 568 3374 uno
591 3333 676 3374 versu
699 3310 755 3374 96:
784 3320 872 3390 atque
894 3312 924 3371 in
947 3313 1044 3391 primo
1067 3311 1143 3390 pede
1166 3313 1258 3372 octies

142 3413 167 3493 (r.
180 3411 221 3475 19.
237 3411 287 3476 39.
304 3412 354 3476 54.
372 3413 422 3478 60.
438 3411 489 3476 69.
507 3411 556 3476 79.
576 3412 645 3493 115.
665 3412 746 3493 124),
769 3416 801 3473 in
824 3413 955 3475 secundo
979 3415 1134 3493 quinquies
1153 3412 1187 3493 (v.
1204 3411 1254 3474 71.

142 3513 302 3578 838687.
319 3514 380 3596 96),
404 3518 434 3577 in
450 3526 554 3596 quarto
577 3525 623 3578 ter
645 3514 679 3595 (v.
697 3512 747 3576 25.
766 3513 815 3576 73.
834 3513 894 3594 77).
941 3515 1032 3603 semel
1055 3506 1256 3593 diphthongus
1275 3502 1278 3506 ¹

144 3634 170 3677 oe
185 3620 210 3678 in
231 3617 409 3698 synaloepha
430 3619 526 3697 posita
549 3616 584 3692 (v.
601 3615 662 3696 77),
686 3616 793 3677 vocalis
814 3616 957 3697 producta
980 3619 992 3675 t'
1014 3614 1058 3675 bis
1075 3616 1110 3695 (r.
1127 3613 1177 3676 69.
1195 3613 1257 3695 96),

90 3776 94 3780 .
145 3719 181 3778 sed
203 3738 217 3778 e
243 3727 380 3799 correpta
413 3722 504 3780 octies
537 3718 571 3798 (v.
597 3715 645 3778 19.
675 3716 725 3779 71.
755 3715 806 3780 73.
836 3715 886 3779 86.
917 3715 966 3778 87.
997 3714 1047 3778 96.
1079 3702 1149 3778 115.
1176 3714 1255 3796 124).

89 3878 96 3883 .
146 3839 197 3900 ergo
215 3810 406 3901 praeferenda
430 3841 532 3882 versus
554 3818 593 3882 37
617 3819 817 3890 formabam,
841 3820 959 3898 optimis
981 3818 1066 3879 libris
1090 3820 1219 3880 llrmata:

269 3961 339 4018 hanc
360 3968 438 4018 vocat
460 3967 546 4034 atque
568 3977 677 4017 arsura
701 3960 767 4016 locis
790 3959 921 4038 inponere
943 3959 1017 4032 ligna

89 4051 96 4087 ³·
148 4039 178 4101 illl

269 4131 339 4190 hanc
360 4138 437 4187 vocat
459 4139 541 4207 atque
563 4131 631 4186 locis
654 4147 762 4187 orooro
785 4132 923 4203 inponere
946 4125 1028 4203 ligna.
