2820 4770
233 275 275 345 42
382 290 385 295 ’
676 297 929 345 reouucousnon

233 471 264 532 ἐπ
287 475 400 532 eurum
422 468 557 529 detrudit
578 470 720 529 acumina
742 469 837 528 radix
858 464 941 546 (nihil
965 467 1042 526 enim
1065 464 1123 526 huo
1145 467 1214 527 lacit
1235 465 1380 528 turbatus

233 569 392 633 verborum
419 570 452 629 in
482 567 621 648 Vordo).
666 569 717 630 sed
750 567 800 630 illa
828 588 904 650 quae
933 571 1022 644 Bmp.
1049 567 1076 629 T
1099 566 1245 647 praebent
1273 569 1303 628 in
1329 570 1377 647 Zp

232 671 305 732 ialso
327 670 392 731 loco
416 669 493 750 (post
514 689 540 731 v.
564 666 614 749 73)
637 671 668 730 in
691 675 803 732 textum
826 669 929 740 inlata,
955 678 1112 747 utrumqne
1135 669 1273 747 donique,
1297 669 1392 730 alte·-

231 784 297 834 rum
318 777 386 853 post
408 790 432 834 v.
450 768 500 842 ⁷3,
524 771 650 834 alterum
673 789 727 833 suo
748 769 814 832 loco
838 789 873 834 ex
896 770 1013 836 duobus
1036 772 1066 832 ni
1088 771 1174 833 fallor
1196 770 1373 852 exemplari·

234 850 288 936 bus
309 874 424 952 recepit
445 873 556 934 codicis
579 874 611 933 H
629 881 740 935 auctor.

317 991 449 1071 Duplicis
477 993 674 1053 coniecturae
694 993 724 1052 in
748 991 914 1053 obscuretis
937 992 1034 1071 aliquo
1057 1010 1128 1053 casu
1150 992 1304 1072 archetypi
1326 991 1370 1054 lit·

232 1095 304 1155 teris
327 1094 421 1155 iactae
443 1095 587 1154 memoria
610 1088 699 1154 etiam
721 1111 747 1152 v.
771 1090 814 1154 60
834 1093 940 1155 tradita
964 1100 1023 1162 est,
1053 1092 1105 1154 ubi
1126 1095 1220 1173 priori
1244 1093 1369 1154 familiae

232 1192 323 1257 AB?
335 1193 420 1256 libris
444 1192 569 1256 maxime
591 1202 831 1274 repraesentatae
853 1196 1008 1275 proprium
1031 1202 1076 1255 est
1097 1213 1122 1256 v.
1139 1189 1183 1256 60
1204 1198 1296 1271 ceris
1322 1214 1367 1256 ce·
1404 1274 1406 1279 Ι

148 1328 151 1334 ·
233 1297 303 1356 teris
327 1302 446 1375 praeter
474 1297 504 1356 E
529 1294 665 1356 omnibus
685 1297 798 1357 heros:
831 1314 957 1376 quorum
984 1301 1122 1357 neutrum
1152 1295 1258 1376 placet.
1303 1315 1376 1366 nam⁸

230 1399 350 1459 heroem
373 1392 514 1477 appellari
541 1397 621 1457 hunc
643 1396 873 1458 homuncionem
895 1414 954 1459 non
978 1399 1127 1468 festivum,
1156 1398 1209 1459 sed
1236 1399 1386 1478 ineptum-

232 1506 262 1559 et
283 1497 439 1559 ridiculum
463 1505 522 1568 est,
546 1516 603 1575 quo
626 1500 745 1558 nomine
768 1518 806 1559 ne
828 1517 882 1578 per
904 1499 1028 1559 ironiam
1052 1498 1170 1578 quidem
1193 1519 1247 1561 cur
1273 1500 1367 1560 ridea-
1404 1518 1406 1539 ²

232 1607 280 1662 tur
301 1600 460 1679 perspicio.
496 1588 707 1678 parsimoniam
730 1606 828 1661 autem
850 1583 955 1661 rustici
977 1602 1002 1660 si
1024 1600 1145 1662 laudare
1166 1601 1258 1662 voluit
1272 1608 1366 1681 poete,
1404 1612 1406 1617 '

231 1716 292 1762 non
312 1703 482 1778 providum,
509 1701 560 1762 sed
582 1714 711 1778 porcum
733 1702 810 1762 aeris
833 1700 932 1763 dicere
954 1701 1090 1763 debebat.
1136 1703 1187 1780 qui
1208 1721 1277 1764 cum
1301 1718 1367 1782 pro·
1403 1710 1406 1729 ³

233 1801 331 1864 videat
352 1809 386 1863 ut
407 1803 504 1862 cereri
527 1819 610 1864 escas
632 1802 741 1881 iungat,
766 1821 825 1863 non
847 1810 880 1863 ut
901 1802 1033 1864 reculam
1055 1811 1169 1881 augeat,
1193 1803 1320 1884 simplex
1341 1812 1369 1865 et
1399 1840 1405 1851 ·

231 1910 332 1984 aptum
359 1920 468 1983 perse
496 1904 595 1964 herbis
623 1909 683 1973 est,
713 1905 798 1965 cuius
819 1905 898 1965 vocis
920 1903 1064 1984 reliquiae
1087 1906 1117 1965 in
1140 1911 1266 1982 utraque
1290 1903 1368 1966 codi-

231 2023 299 2066 cum
321 2006 466 2084 scripture
489 2003 589 2065 latent.
633 2003 687 2065 sed
709 2012 767 2065 tam
791 2004 904 2066 otiosus
927 2012 955 2065 et
977 2004 1111 2085 repetitis
1135 2024 1171 2065 ex
1193 2025 1218 2065 v.
1242 2002 1287 2067 54
1308 2005 1368 2066 lan·

230 2102 338 2184 guidus
366 2112 446 2168 totus
474 2118 577 2166 versus
599 2113 657 2176 est,
688 2113 721 2167 ut
748 2108 1013 2186 quotienscumque
1041 2106 1142 2186 relego
1169 2106 1256 2168 huius
1278 2100 1368 2187 idyllil

231 2205 376 2285 elegantia
397 2206 550 2285 indignum
573 2206 706 2269 habeam.
753 2226 823 2287 ergo
846 2209 932 2269 uncis
952 2204 1069 2270 inclusi.

315 2325 403 2387 Ortus
434 2329 533 2387 autem
561 2342 626 2386 esse
654 2332 684 2386 et
712 2327 816 2403 EHZp
844 2333 873 2386 et
895 2326 963 2402 FO,
992 2326 1044 2387 sed
1073 2326 1188 2388 diversa
1217 2329 1313 2406 stirpe
1335 2346 1372 2389 ex

230 2426 333 2487 codice
355 2426 443 2487 simili
466 2433 567 2489 nostro
590 2428 619 2487 B
641 2426 728 2487 docet
750 2447 775 2486 v.
800 2424 854 2488 73:
879 2445 948 2488 nam
970 2428 1078 2488 omissa
1100 2429 1132 2488 in
1155 2430 1184 2489 B
1206 2447 1222 2489 a
1243 2428 1371 2491 librario

228 2528 372 2608 particula
395 2545 453 2603 que
474 2527 558 2588 deest
579 2529 608 2588 in
636 2527 694 2588 illis
717 2545 850 2607 quoque,
875 2529 926 2589 sed
954 2530 979 2590 is
1007 2530 1058 2605 qui
1081 2528 1296 2609 exemplarium
1317 2531 1373 2593 rc

229 2629 421 2709 archetypum
449 2644 636 2689 communem
659 2630 791 2707 scripsit,
821 2629 943 2709 simplex
972 2626 1076 2699 homo,
1111 2632 1266 2710 sequentia
1294 2613 1372 2712 qbae

117 2797 120 2802 ,
229 2750 288 2790 non
316 2729 471 2790 adsecutus
497 2738 575 2791 esset
603 2729 704 2807 (milae
731 2729 762 2790 in
789 2730 839 2791 illo
862 2749 918 2810 pro
940 2733 1042 2793 iuulue
1064 2733 1206 2811 scriptum
1229 2730 1294 2812 tuit)
1319 2733 1371 2795 de·

231 2833 356 2910 pingens
377 2836 409 2890 ut
431 2831 527 2908 potnit
549 2833 639 2891 milae
654 2831 760 2902 effecit,
784 2834 966 2911 ingeniosior
981 2832 1126 2894 librorum
1142 2835 1248 2911 EHZp
1265 2842 1372 2896 auctor

230 2942 259 2993 et
282 2932 412 2992 numeris
440 2937 469 2991 et
491 2933 654 2993 sententiae
682 2933 795 2994 mederi
822 2942 945 2996 conatus
975 2941 1020 2994 est
1048 2933 1232 2995 emendando
1257 2939 1369 2997 uiolae.

229 3041 262 3094 ut
284 3033 419 3110 suspicer
440 3032 470 3091 in
494 3034 643 3093 communi
666 3036 796 3095 omnium
819 3033 978 3115 archetypo
1001 3037 1044 3096 sic
1066 3036 1210 3096 extitisse:

719 3189 772 3246 que
813 3190 831 3230 u

631 3255 736 3313 maluae
786 3256 921 3332 inilaeque
1401 3328 1405 3333 Ι

1398 3340 1406 3371 l

228 3425 284 3466 nec
306 3403 383 3465 ullus
404 3402 450 3464 vel
472 3405 503 3463 in
526 3405 644 3483 optimis
666 3404 818 3466 codicibus
840 3407 952 3467 nostris
975 3414 1028 3475 est,
1052 3409 1103 3486 qui
1126 3427 1185 3468 non
1208 3406 1370 3487 aliquando
1403 3378 1406 3405 Ι

227 3509 257 3567 in
280 3507 378 3586 pravis
400 3504 577 3565 lectionibus
598 3525 614 3565 a
637 3512 807 3567 correctore
837 3506 988 3588 archetypi
1016 3509 1090 3569 ortis
1113 3511 1278 3569 consentiat
1301 3529 1390 3571 curn.

228 3606 438 3681 deterioribus,
467 3624 644 3685 quamquam
671 3609 778 3668 ceteris
806 3608 900 3669 multo
922 3610 1020 3670 rarius
1042 3611 1073 3670 in
1096 3610 1152 3670 hoc
1173 3627 1286 3687 genere
1310 3612 1369 3671 ΒΥ

226 3716 352 3788 peccant
373 3714 403 3768 et
425 3707 554 3767 omnium
578 3709 729 3770 rarissime
752 3710 791 3770 B.
837 3708 874 3768 de
897 3710 961 3769 ΒΥ
978 3709 1015 3770 cl.
1042 3723 1066 3769 v.
1090 3707 1140 3780 39,
1165 3710 1201 3771 de
1219 3713 1248 3770 Ρ
1271 3728 1296 3771 v.
1315 3708 1363 3772 31.

226 3806 277 3871 34.
301 3827 337 3869 ex
367 3808 640 3869 Vindoboueusr'bus
662 3817 693 3869 ut
715 3811 864 3888 antiquior
886 3811 926 3869 ita
948 3812 1053 3889 purior
1076 3818 1120 3871 est
1135 3811 1160 3870 S
1172 3827 1262 3887 quam
1282 3813 1315 3880 T,
1338 3819 1363 3871 ct

227 3929 262 3970 ex
284 3894 406 3971 alterius
433 3907 561 3969 iamiliae
588 3909 741 3971 codicibus
762 3912 880 3990 saepius
902 3912 1052 3990 conspirat
1074 3928 1140 3972 cum
1171 3912 1205 3986 V,
1233 3912 1363 3991 proxime

226 4026 296 4072 vero
324 4016 467 4088 cognatus
493 4019 537 4070 est
559 4009 778 4089 Silligianorum
800 4012 910 4073 FOabe
932 4018 1073 4089 ortusque
1097 4020 1128 4073 ut
1150 4015 1236 4074 rece
1258 4031 1294 4072 ex
1318 4031 1362 4074 co·
1404 4060 1406 4098 ,

226 4113 291 4174 dice
320 4112 369 4190 qui
391 4108 433 4172 25
461 4112 491 4170 in
519 4128 637 4191 quaque
663 4114 770 4190 pagina
798 4126 900 4174 versus
928 4110 1055 4174 habebat
1084 4113 1131 4192 (cl.
1155 4132 1182 4174 v.
1205 4111 1268 4191 31).
1314 4114 1362 4176 sed
1403 4161 1406 4198 ,

224 4213 312 4274 tidem
340 4212 370 4271 hi
394 4211 564 4291 (rosum),
594 4229 680 4289 quam
704 4211 773 4272 olim
801 4215 830 4274 in
858 4218 983 4294 quaesti.
1012 4212 1115 4273 Catull.
1146 4233 1174 4292 p.
1197 4209 1240 4274 49
1262 4213 1364 4276 haberi

225 4315 311 4380 iussit
325 4309 478 4395 Hauptius‚
501 4328 571 4374 roro
594 4311 876 4403 (cauponentur,
901 4334 975 4395 quos
999 4310 1166 4377 temerariis
1186 4316 1365 4378 coniecturis
