2820 4770
599 288 699 331 oorur
722 288 769 330 111.
857 286 861 293 ’
1213 268 1253 333 31

127 456 219 530 delicio
240 474 311 515 rura
333 455 498 534 praedicari
521 474 596 534 quae
619 453 748 516 advenae
771 454 857 515 militi
880 455 1074 535 relinquenda
1089 464 1166 526 sunt,
1190 458 1253 536 qui·

131 552 227 638 busque
256 557 330 617 adeo
358 557 544 618 sterilitatem
571 559 743 636 inpretatur
764 564 859 636 poeta.
906 575 975 617 nam
997 556 1061 618 vale
1084 557 1188 619 dicens
1211 561 1254 619 eis

103 656 304 741 19011111
327 659 408 734 felte
430 676 536 720 nomen
547 661 653 734 apelli
673 666 764 728 vocat,
789 658 857 718 111111
881 658 967 718 boo
959 677 1058 737 ipsum
1081 659 1153 720 dicit
1176 660 1253 737 qood

103 752 106 863 1
137 779 202 825 suurn
228 757 379 839 appellare
407 777 510 839 agrum
539 759 631 820 licuit
678 779 736 819 uon
764 760 853 837 igitur
883 767 953 820 sunt
974 768 1026 820 aut
1014 761 1136 821 terbnt
1158 760 1253 822 leticia

138 881 200 932 r,ura
225 859 278 921 sed
307 860 427 921 luerunt
455 861 523 920 olim
553 864 644 922 111111
674 861 808 934 domino,
845 861 961 938 idque
955 879 1049 938 ipsum
1072 880 1132 923 non
1156 863 1254 924 minus

139 969 222 1029 diserte
243 962 467 1038 significandum
492 970 556 1022 erat
578 981 663 1041 quarn
687 959 990 1029 raedbrectus
1012 965 1193 1025 dominil
1143 965 1254 1037 folieto

138 1073 199 1144 tigno
217 1062 288 1123 silva
312 1061 435 1123 fulmine
458 1065 515 1122 iam
540 1061 740 1124 comburenda
763 1061 942 1142 appellatur,
976 1067 1125 1124 contraria
1147 1073 1180 1124 ut
1203 1085 1252 1126 oo·

139 1169 187 1229 dem
209 1165 311 1233 modo,
341 1184 398 1244 quo
425 1184 450 1223 v.
475 1161 494 1224 9
522 1168 710 1225 sterilescunt
734 1166 852 1239 paedia
885 1163 995 1225 dictum
1025 1173 1082 1235 est,
1117 1167 1195 1226 inter
1223 1185 1254 1226 se

139 1267 223 1349 opponi
249 1265 479 1344 intellegeretur.
526 1284 597 1343 orgo
626 1273 765 1345 corrupta
794 1283 859 1326 esse
882 1273 953 1344 puto
976 1265 1024 1326 illa
1045 1270 1125 1328 ’111111
1147 1271 1252 1343 nostri,

138 1370 257 1450 genuinae
280 1375 379 1429 autem
407 1369 571 1446 scripturae
589 1368 706 1445 vestigia
731 1366 952 1446 interpolatoris
974 1370 1151 1438 temeritate,
1169 1371 1252 1429 euius

139 1471 175 1533 alia
193 1471 220 1528 in
242 1468 298 1528 hoo
328 1467 428 1549 idyllio
451 1469 560 1528 indicia
589 1469 744 1529 manifesta
769 1470 891 1529 minime
914 1468 1034 1536 desunt,
1067 1471 1107 1530 ita
1129 1471 1252 1532 contusa

139 1591 193 1641 esse,
220 1577 252 1630 ut
273 1577 356 1632 eerto
383 1571 605 1631 resuscitandae
632 1589 700 1648 spes
729 1589 800 1630 sane
828 1572 934 1649 exigua
956 1572 1001 1631 sit.
1047 1572 1099 1632 sed
1122 1581 1252 1633 mentem

137 1682 216 1754 poetae
238 1670 394 1733 adsecutus
417 1675 474 1732 erit
496 1673 631 1752 qui-sota
652 1675 721 1732 otim
746 1670 790 1730 vol
813 1675 881 1732 otim
904 1673 987 1734 nodis
1010 1672 1204 1734 substituerit.

103 1776 105 1789 '
198 1772 294 1834 Altero
316 1772 382 1836 loeo
406 1772 440 1853 (v.
465 1769 515 1851 93)
539 1773 591 1833 ubi
612 1773 739 1850 degimus

314 1895 416 1951 tardius
439 1913 453 1951 a
476 1897 590 1951 miserae
615 1895 771 1951 descendite
794 1904 887 1951 monte
909 1895 1042 1970 capellae:

220 2008 226 2025 =
313 1978 408 2035 mollia
427 1997 481 2036 non
504 1983 602 2036 iterum
624 1981 742 2053 carpetis
764 1978 862 2052 pabula
885 1989 957 2036 uota.

313 2073 398 2138 tuque
419 2066 526 2128 resiste,
547 2071 635 2137 poter

127 2184 174 2241 iam
193 2179 302 2239 lleilius
324 2180 439 2239 monuit
459 2181 566 2239 iniuria
594 2179 702 2239 inrisos
725 2197 788 2239 1111
811 2177 847 2237 ab
871 2177 1040 2239 Hermanno
1063 2183 1113 2260 qui
1129 2189 1252 2259 patrem

128 2279 322 2341 intellexerunt
343 2298 480 2358 caprum,
505 2287 536 2339 111
558 2282 588 2338 in
612 2279 745 2341 eiusdem
768 2280 899 2339 auctoris
922 2279 1021 2359 ecloga
1045 2280 1136 2343 altera
1160 2301 1184 2343 1.
1208 2281 1250 2345 28
1336 2294 1339 2300 “

128 2379 195 2461 1131)
221 2387 324 2442 taurus
353 2382 460 2441 dicitur
488 2385 497 2414 1
506 2388 590 2459 pater
617 2383 715 2458 magni
743 2382 869 2458 gregis',
899 2386 928 2441 et
955 2399 980 2440 v.
1004 2379 1044 2442 31
1077 2381 1157 2462 (134)
1186 2387 1251 2464 ipso

107 2501 200 2562 -caper
227 2487 330 2562 ‘pater
352 2482 544 2543 haedorum’.
590 2483 626 2542 111
650 2500 708 2560 quo
731 2501 768 2542 ne
791 2481 976 2542 dubitaretur
1005 2484 1048 2544 eis
1072 2501 1146 2560 quae
1169 2493 1250 2547 ante-

127 2584 218 2645 cedunt
239 2585 311 2644 satis
333 2586 407 2645 eavit
429 2591 530 2663 poeta:
554 2586 645 2642 immo
667 2585 698 2643 in
723 2601 854 2643 errorem
869 2584 933 2662 ipse
954 2583 1081 2645 lectores
1097 2585 1250 2648 induxisse

103 2685 278 2764 ,arguendus
302 2693 395 2753 esset,
424 2684 574 2745 homiuem
598 2687 622 2744 si
651 2683 783 2762 intellegi
817 2683 964 2746 voluisset.
1011 2704 1044 2745 ac
1074 2705 1110 2746 ne
1144 2688 1251 2749 decere

128 2787 226 2867 quidem
249 2794 282 2846 ut
303 2805 404 2847 senem
426 2792 555 2866 patrem,
585 2786 738 2845 dominum
759 2787 854 2854 ruris,
884 2787 944 2845 sive
968 2784 1042 2846 filius
1066 2789 1126 2847 sive
1149 2807 1251 2850 servus

129 2891 218 2969 pariter
248 2896 336 2968 atque
365 2887 492 2966 capellas
523 2888 661 2948 resistere
682 2887 815 2954 iuberet,
846 2888 870 2946 is
893 2888 1018 2946 sensisse
1042 2888 1169 2958 videtur,
1200 2893 1251 2968 qui

125 3007 185 3066 puer
209 2990 343 3068 scripsit,
378 2987 457 3068 quod
487 3007 521 3047 ex
545 2988 687 3050 Tbuaneo
716 2990 843 3049 enotavit
870 2988 907 3048 ls.
932 2989 1069 3058 Vossius,
1100 2990 1250 3051 aNaelrio

128 3093 229 3171 eiusque
253 3098 372 3151 auctore
395 3089 523 3150 Lasseno
545 3092 789 3168 praetermissum
812 3089 905 3148 video.
945 3108 1123 3168 quamquam
1141 3094 1248 3153 rustica

127 3191 315 3272 appellationis
338 3197 432 3267 poter
460 3190 603 3251 festivitas
627 3200 656 3251 et
684 3191 763 3251 bunc
786 3191 861 3266 lugit
884 3196 913 3249 ot
936 3192 985 3267 qui
1007 3208 1102 3266 cuper
1124 3195 1251 3253 coniecit

124 3294 272 3356 Heinsium.
1216 3313 1219 3317 ·

193 3396 332 3457 Ceterum
355 3396 420 3455 eius
443 3396 514 3455 artis
537 3413 611 3474 quae
634 3396 665 3454 in
682 3392 786 3455 Catulli
802 3392 922 3471 Vergilii
939 3392 1091 3453 Theocriti
1107 3393 1245 3456 aliorum·

122 3516 169 3577 que
193 3496 399 3557 bucolicorum
428 3497 587 3575 praecipue
615 3503 768 3575 poetarum
798 3493 980 3554 carminibus
1008 3495 1175 3556 amoebaeis
1198 3516 1246 3557 co·

122 3601 276 3675 gooseitur
306 3604 341 3657 ut
368 3595 573 3674 aequabilibus
599 3598 677 3658 inter
704 3615 736 3656 11
765 3594 862 3655 verbis
890 3594 1068 3672 imaginibus
1096 3601 1251 3659 sententiis

103 3700 240 3797 strophis
267 3699 396 3777 denique
418 3697 475 3758 sibi
501 3697 702 3776 respondeant
729 3695 1250 3774 1111111111,111111111111111111111

103 3764 396 3935 ,1-1111111111111111111,
420 3799 636 3859 sillermanno
659 3799 824 3867 1111111111,
848 3799 898 3876 qui
921 3815 976 3856 nec
999 3815 1100 3857 rerum
1124 3798 1249 3878 disposi-

103 3904 192 3964 tione
222 3921 278 3963 nec
312 3900 424 3980 ambitu
457 3901 584 3979 partium
618 3901 845 3960 concinnitatem
876 3897 964 3958 ullam
994 3907 1166 3977 persecutos
1196 3908 1247 3961 111.

103 4010 106 4089 1
127 4004 210 4082 itaque
236 4004 313 4064 bane
342 4003 511 4082 opinionem
542 4003 646 4061 merito
674 3999 1249 4079 1111111111ηυί11111111111111111111111

129 4104 241 4166 dirarum
269 4110 380 4164 textum
411 4102 561 4182 temptavit
583 4100 771 4161 Goebbelius.
816 4099 939 4159 sedhic
964 4100 1090 4178 eumdo
1113 4102 1248 4162 universa

103 4268 105 4281 ,
131 4207 250 4282 poematii
271 4203 372 4264 indole
394 4222 428 4264 ae
450 4204 544 4263 torma
568 4202 711 4282 quaedam
730 4208 811 4262 recte
826 4203 953 4262 sensisse
969 4200 1110 4270 videatur,
1134 4202 1248 4278 singula

103 4308 105 4315 '
132 4314 213 4367 tamen
233 4305 373 4386 pleraque
395 4305 566 4383 corrupisse
590 4304 682 4380 magis
705 4319 791 4379 quam
814 4303 980 4363 restituisse
1001 4300 1177 4363 iudicandus
1195 4311 1248 4363 est.

1004 4401 1047 4464 4*
