2820 4770
519 245 618 287 carun
641 247 688 286 111.
1151 226 1193 290 55

41 411 217 503 perveniat!
248 413 338 471 immo
366 418 408 472 ut
425 411 581 489 Neptunus
610 431 633 472 v.
658 409 699 473 50
721 432 764 492 sq.
794 415 949 475 invocatur
979 422 1010 474 ut
1031 419 1140 489 mtpret
1160 418 1189 475 in

43 533 117 583 arva
144 511 301 580 fluctibus,
330 515 370 572 ita
394 515 417 572 si
447 513 495 573 liic
517 515 614 574 minus
637 514 792 574 auditurus
815 522 905 584 esset,
935 515 1057 575 llumina
1080 519 1191 576 moveri

45 621 198 706 poterant,
229 621 260 673 ut
284 613 376 674 undas
398 633 487 693 super
510 633 596 694 agros
620 618 798 677 emitterent.
843 624 981 695 poterant
1002 619 1092 695 igitur
1115 635 1185 677 con·

47 718 131 794 iungi
153 733 178 774 v,
202 711 328 776 63-65
350 734 417 776 curn
441 713 490 777 78.

135 813 249 885 Quibus
278 817 460 895 respondent
487 837 561 895 quae
589 822 686 880 statim
716 805 913 882 serbsecuntur
943 842 966 880 v.
991 819 1029 882 67
1063 822 1191 883 ‘flectite

56 920 198 986 exurentis
221 917 365 997 lymplras,
391 937 459 996 vaga
475 920 604 990 llumlna,
629 925 728 980 retrc'
753 941 778 981 e.
797 942 823 1000 u.
841 941 863 981 c.
886 922 1076 983 intercedunt
1091 932 1189 983 tamen

61 1042 127 1106 (puae
156 1038 210 1081 nec
238 1019 369 1098 intellegi
399 1022 513 1099 possint
542 1041 595 1081 nec
624 1029 705 1082 recte
733 1022 886 1083 emendata
915 1023 1011 1084 adlruc
1039 1024 1191 1085 videantur

63 1147 86 1185 ι’.
106 1120 142 1184 66

202 1229 239 1307 nil
262 1236 303 1282 cst
327 1227 399 1300 ‹prruil
424 1228 532 1300 perulam
557 1228 672 1283 ulterius
695 1231 789 1284 merita
814 1232 901 1284 urtnria
925 1231 1011 1286 (lictis.

69 1375 230 1455 inquibus,
268 1352 299 1435 ut
328 1376 440 1434 mittam
471 1374 620 1454 paulisper
652 1377 739 1436 verba
771 1384 910 1446 extrema,
935 1381 1079 1438 sententia
1111 1387 1191 1439 certe

69 1483 155 1541 lerum
185 1476 242 1536 ‘nil
272 1483 316 1536 est
344 1476 421 1554 qrrcd
450 1476 573 1555 perdam
603 1467 744 1537 ulterius'
773 1481 928 1557 perspicua
958 1487 1009 1539 est.
1056 1480 1108 1540 sed
1135 1480 1192 1540 lruc

11 1595 14 1599 ·
70 1600 112 1661 quc
140 1577 229 1637 medo
259 1577 415 1638 adfirmare
444 1585 560 1655 peterat
591 1581 641 1654 qui
670 1581 698 1638 in
729 1599 763 1638 ec
792 1581 857 1658 ipso
881 1589 960 1650 erat,
990 1590 1023 1641 ut
1045 1582 1192 1642 advocatis

10 1673 11 1677 ¹
69 1682 176 1744 tntillum
197 1680 362 1761 ¹llurninum
397 1678 536 1757 paludum
573 1688 742 1757 stagnorum
773 1680 909 1740 lluctilms
934 1681 1076 1760 perderet
1104 1700 1191 1759 agros

69 1783 136 1845 suns?
158 1780 203 1840 liis
225 1781 359 1858 protecte
382 1779 587 1840 concludenda
612 1787 695 1840 erant
718 1783 806 1860 impia
822 1790 897 1842 veta.
937 1782 1015 1860 quoe
1031 1782 1082 1842 ubi
1098 1783 1190 1843 semel

67 1884 268 1966 perspeximus,
303 1880 441 1941 facillime
477 1881 624 1942 clausulae
651 1882 817 1942 emendatio
847 1891 905 1943 est:
942 1888 1063 1945 ‘merito
1091 1888 1191 1945 omniu

10 2042 12 2049 .
69 1988 149 2046 liris?
196 1983 242 2063 (cl.
268 2003 292 2042 v.
316 1980 378 2060 41.)
408 2001 474 2042 nam
505 1985 620 2057 ineptas
644 1991 672 2042 et
694 1991 845 2045 contortas
876 1983 999 2045 aliorum
1031 1984 1073 2044 vel
1097 1984 1189 2062 expli·

10 2162 14 2185 ,
66 2086 136 2149 candi
157 2084 201 2145 vel
226 2084 394 2162 corrigendi
417 2083 568 2143 machinas
593 2086 690 2143 sciens
712 2087 928 2162 praetermitte.

134 2189 212 2265 Ergo
236 2187 377 2246 crelinatis
402 2185 534 2245 seruilius
556 2187 611 2245 sic:
635 2182 685 2245 65.
711 2183 760 2245 79.
783 2183 916 2246 fri—lt.
936 2184 977 2247 80
992 2206 1035 2265 sq.
1054 2184 1186 2248 72-78.

64 2289 96 2353 66
114 2291 184 2350 llaec
213 2289 249 2349 ‹le
278 2289 360 2366 aquis
383 2295 517 2348 veterum
545 2305 616 2366 pars
639 2284 772 2346 absoluta
795 2294 847 2347 cst.
892 2290 1024 2366 sequitur
1047 2295 1188 2357 extrema,

66 2392 106 2453 ubi
125 2391 212 2450 finitis
236 2391 308 2450 votis
331 2389 393 2448 rnlc
417 2389 489 2448 elicit
512 2388 632 2447 ruribus
655 2387 802 2447 (lominus.
834 2390 918 2448 tinxit
940 2397 1037 2449 autem
1055 2389 1129 2449 haec
1145 2390 1189 2448 ul·

66 2497 122 2554 tina
144 2511 175 2553 se
199 2498 372 2552 cunctanter
396 2489 554 2549 aberentem
572 2496 701 2548 cantare.
740 2488 944 2559 relictarum,
970 2509 1043 2568 quae
1060 2509 1074 2549 a
1091 2490 1190 2550 fronte

65 2598 85 2656 iu
105 2595 189 2654 maris
211 2592 298 2652 litere
321 2593 386 2660 sita,
411 2611 426 2650 a
449 2599 533 2666 tergo
557 2589 706 2649 montibus
729 2591 822 2649 cineta
846 2599 923 2659 sunt,
952 2598 1116 2651 extremum
1140 2609 1187 2650 re·

64 2698 137 2775 spicit
157 2696 194 2755 dc
218 2692 330 2755 tumulo
360 2692 394 2771 (v.
419 2689 487 2769 86),
519 2689 597 2751 rende
624 2689 763 2750 insilias
791 2710 823 2751 sc
845 2692 999 2752 insinuans
1021 2710 1075 2771 per
1098 2690 1188 2751 celles

65 2804 223 2875 nentesque
252 2803 405 2873 aspectum
435 2791 515 2852 vallis
544 2811 611 2851 mox
634 2793 740 2850 amittit
763 2788 811 2869 (87
836 2791 901 2870 sq.).
946 2794 1003 2852 iarn
1028 2811 1042 2851 a
1067 2794 1189 2854 summis

66 2896 197 2959 munibus
221 2898 250 2956 in
273 2895 426 2974 planitiem
455 2892 594 2973 paulatim
624 2892 805 2952 descendens
830 2890 889 2972 (91)
912 2895 1045 2954 intuetur
1069 2914 1188 2974 campos

66 2998 221 3076 inlcugum
251 3005 419 3076 perrectm,
450 2993 500 3054 uln
524 2992 720 3071 novassetles
748 2996 935 3073 quaesiturus
959 3003 1011 3055 est.
1056 3014 1123 3055 riam
1147 3000 1189 3057 sic

66 3098 222 3179 explicanda
245 3099 341 3157 sentio
363 3113 439 3174 quac
455 3096 520 3173 epiris
535 3093 716 3155 intellexerit
737 3097 935 3174 interpretum
951 3096 1062 3157 frustra
1078 3116 1188 3176 quaere

67 3202 140 3269 [certe
162 3200 199 3259 lll.
225 3198 405 3259 Selrmidtius
429 3198 479 3272 qui
504 3214 527 3254 r.
544 3192 585 3259 93
601 3213 643 3274 sq.
669 3197 803 3256 orilincm
826 3199 931 3258 im'erti
954 3199 983 3257 in
1007 3197 1108 3276 philol.
1126 3199 1187 3259 Vlll

67 3299 111 3362 191
133 3303 215 3361 iussit
239 3319 298 3359 ιιοιι
321 3297 484 3376 intellexit),
510 3315 533 3357 v.
560 3293 600 3356 93

378 3454 411 3492 en
434 3439 519 3510 prima
543 3438 687 3491 norissima
710 3437 788 3492 nubis

121 3524 145 3602 Ιο
244 3524 353 3578 intueor
376 3538 494 3592 curnpos
515 3520 640 3592 luugmn:
665 3531 755 3576 manet
778 3522 851 3576 ensis
874 3523 901 3576 in
924 3522 987 3577 illis.

68 3674 170 3734 campus
200 3656 278 3714 enirn
306 3672 364 3712 nun
394 3671 462 3712 suos
485 3652 569 3720 uicit,
601 3669 674 3728 ques
697 3652 785 3712 rnotlc
808 3652 929 3714 relictos
953 3661 1117 3714 extremum
1141 3673 1187 3714 re-

68 3764 187 3837 spexerat
210 3775 235 3814 v.
259 3752 314 3824 86,
345 3754 396 3815 seel
421 3752 572 3813 rnorrtibus
596 3764 747 3832 separatos
769 3753 806 3814 al)
828 3753 900 3823 illis,
930 3772 1002 3832 quos
1024 3762 1056 3813 ut
1077 3756 1187 3832 signiti-

69 3860 128 3918 cavit
146 3859 276 3936 primum
293 3875 318 3916 v.
335 3852 384 3924 88,
409 3874 487 3916 nunc
510 3854 629 3915 demum
652 3853 754 3933 procul
772 3856 924 3933 conspicit,
948 3857 978 3914 in
994 3862 1073 3914 vasta
1089 3863 1186 3916 autem

70 3958 170 4037 planitie
200 3958 266 4035 quia
296 3959 393 4017 omnia
422 3975 481 4016 une
510 3956 614 4017 obtutu
637 3958 803 4035 propinqua
826 3958 914 4034 quain
936 3955 1095 4035 longinqua
1118 3975 1186 4034 per-

17 4123 20 4137 ,
72 4061 207 4138 cipiuntur,
231 4077 292 4118 non
315 4059 379 4117 stne
403 4057 563 4118 acerbitate
586 4058 709 4134 quadam
735 4066 764 4118 et
786 4059 880 4136 prima
895 4039 926 4118 et
941 4059 1097 4118 novissima
1112 4074 1187 4134 quae

73 4158 113 4219 sili
137 4162 192 4220 iarn
220 4158 377 4220 habitanda
405 4160 465 4218 siut
491 4177 523 4218 se
545 4161 653 4219 intueri
682 4159 765 4227 ‹licit3
794 4161 824 4218 in
847 4159 906 4218 illis
922 4163 998 4218 'vero
1021 4176 1096 4237 quae
1119 4158 1186 4217 reli·

75 4263 150 4338 querit
169 4263 226 4321 rim
251 4268 280 4321 et
302 4278 403 4321 ensem
427 4277 561 4338 regnare.
