2820 4770
131 282 150 344 8
575 301 830 365 Pnonncoiusuon

132 469 279 530 acerbitas
303 467 432 528 nondum
462 466 607 537 destituit,
637 475 669 528 ut
697 470 826 529 carmina
855 471 885 530 in
909 468 1054 530 Orbilium
1077 475 1106 528 et
1129 467 1264 528 Catonerr

131 573 355 648 grammaticum
378 569 588 629 demonstrant.
628 570 675 650 (cl.
694 569 726 629 L.
744 569 889 631 Schwabii
911 577 1037 650 quaestt.
1060 566 1167 631 Catulli
1188 566 1259 648 307)

216 669 386 731 Familiares
408 669 529 748 Vergilii
564 679 726 732 occurrunt
755 673 785 731 in
814 672 905 750 elegis
932 672 944 731 Ι
973 678 1002 732 et
1029 671 1119 732 Vllll:
1154 673 1185 731 in
1214 669 1264 730 illis

133 773 279 847 Tuccam,
308 774 338 832 in
367 760 415 832 bis
443 764 568 834 Varium
598 772 836 834 ‘dulcissimum’
865 773 1033 853 adloquitur
1056 779 1158 852 poeta,
1189 774 1264 833 cuim

132 892 229 934 mores
258 892 324 934 curn
347 872 535 951 Vergilianis,
566 875 705 951 quoniam
733 876 856 953 pronior
884 873 933 934 ille
961 877 992 934 in
1015 893 1126 952 pueros
1149 873 1264 933 libidini

131 974 220 1035 luisse
242 974 358 1044 dicitur,
383 977 493 1055 optime
516 978 703 1036 conveniunt.
749 975 861 1036 Deliam
884 977 914 1035 in
938 977 1031 1054 epigr.
1057 977 1069 1035 Ι
1092 978 1138 1035 cui
1162 972 1261 1033 ‘libuli

132 1072 258 1136 amicam
282 1095 347 1136 esse
368 1075 474 1155 placet,
498 1076 577 1156 quod
600 1084 698 1138 tamen
722 1084 754 1136 ut
776 1078 905 1136 conicias
923 1095 977 1136 nec
994 1095 1102 1136 nomen
1119 1093 1175 1135 nec
1192 1093 1264 1155 quo(

131 1174 194 1237 v.2
216 1177 334 1238 ‘limine
358 1176 456 1238 clausa
478 1179 549 1239 viri'
574 1178 680 1238 dicitur
704 1178 750 1256 (cl.
774 1176 882 1237 Tibulli
904 1175 960 1248 12,
985 1173 1085 1254 bsqq.
1103 1173 1131 1247 5,
1149 1174 1189 1238 67
1208 1192 1264 1253 sqq

120 1257 160 1348 ²6,
177 1276 240 1354 34.)
262 1281 333 1338 satis
355 1281 522 1356 argumenti
545 1287 597 1349 est,
622 1278 712 1340 malet
733 1279 860 1339 lortasse
880 1277 965 1338 illum
989 1286 1139 1339 auctorem
1159 1275 1264 1337 haber«

132 1360 408 1458 quamblaronem,
433 1398 610 1459 quamquam
635 1399 672 1440 ne
694 1380 774 1441 hunc
796 1367 913 1458 quidem
937 1398 952 1439 a
975 1379 1141 1459 puellarum
1165 1381 1264 1440 amori

132 1480 188 1542 bus
215 1481 350 1542 iuvenem
381 1483 501 1541 omnino
521 1475 715 1542 abhorruisse
739 1479 957 1551 contenderim,
988 1484 1060 1542 artis
1082 1499 1154 1541 vero
1178 1499 1264 1558 genu

132 1601 148 1642 a
170 1581 280 1642 Tibulli
303 1581 425 1643 mollitie
448 1583 662 1644 alienissimum
685 1591 739 1644 est.

216 1683 334 1744 Nullam
357 1702 473 1745 causam
498 1703 563 1745 esse
587 1683 730 1765 Hauptius
752 1684 812 1745 ind.
837 1684 917 1745 lectt.
934 1682 1042 1744 Beroll.
1061 1681 1180 1765 1858s9
1205 1684 1264 1749 dici

133 1787 203 1864 quin
227 1784 383 1854 credamus
397 1783 519 1863 Vergilii
542 1804 606 1846 esse
629 1785 748 1863 elegans
765 1786 935 1865 poemation
950 1784 1040 1855 ΧΙΙΙΙ,
1063 1787 1094 1845 in
1114 1806 1173 1865 quo
1191 1788 1264 1851 cuiu

133 1893 258 1946 mortem
282 1905 298 1946 a
321 1887 475 1947 calumniis
503 1886 630 1948 vindicat
658 1887 799 1948 Octauius
827 1904 885 1946 non
908 1892 1007 1965 potest
1029 1894 1144 1947 tantum
1167 1895 1260 1965 putar-

90 2015 92 2018 <
133 1986 184 2047 sed
208 1987 366 2048 admodum
393 1986 587 2068 probabiliter
608 2008 625 2049 a
646 1987 735 2049 Petro
758 1987 888 2049 Victorio
912 2006 972 2048 var.
996 1987 1062 2048 lect.
1087 1987 1165 2049 Vllll
1189 1987 1207 2049 7
1230 1991 1264 2055 in

134 2087 282 2166 tellegitur
303 2089 417 2150 Horatii
440 2088 604 2157 familiaris,
629 2090 732 2168 quiin
755 2108 843 2149 serm.
868 2089 880 2148 Ι
904 2086 959 2158 10,
982 2086 1023 2150 82
1051 2089 1172 2168 (scripto
1196 2091 1264 2154 intr.

134 2208 228 2250 armos
251 2188 312 2251 716
334 2200 363 2252 et
385 2188 456 2271 725)
491 2190 578 2251 simul
610 2208 675 2250 cum
706 2190 800 2250 Plotio
829 2191 916 2250 Vario
945 2190 1116 2250 Maecenate
1144 2192 1264 2268 Vergili(

135 2289 235 2369 Valgio
264 2291 388 2371 aliisque
415 2295 516 2354 amicis
544 2298 803 2353 commemoratur.
849 2309 916 2351 nam
946 2290 1023 2370 quod
1053 2299 1176 2371 propter
1206 2295 1264 2357 ut

135 2401 166 2453 ut
198 2392 311 2455 videtur
337 2394 480 2473 Hauptius
505 2394 526 2453 l.
557 2393 576 2454 l.
611 2395 712 2454 statuit
745 2393 870 2452 sortasse
903 2392 995 2453 lilium
1029 2392 1107 2453 illius
1143 2396 1264 2457 carmine

135 2503 236 2555 nostro
266 2494 383 2564 delleri,
411 2497 544 2575 ineptum
572 2494 717 2564 dicerem,
749 2496 774 2554 si
802 2495 913 2555 rustice
941 2493 1023 2571 loqui
1050 2493 1191 2573 placeret.
1235 2515 1264 2558 an

134 2598 199 2675 quis
228 2595 330 2658 credet
356 2599 449 2677 patris
482 2599 607 2657 amicum
637 2606 666 2657 et
695 2595 862 2672 aequalem,
897 2602 930 2655 ut
958 2615 993 2655 ex
1021 2596 1134 2656 Horatii
1162 2595 1225 2656 loco
1249 2599 1264 2660 Ι.

134 2700 230 2759 conici
253 2718 307 2778 par
330 2707 388 2769 est,
415 2700 603 2776 quantumvis
626 2695 893 2766 dilexerittilium,
922 2697 986 2756 vivo
1013 2704 1098 2777 patre
1127 2698 1158 2756 in
1186 2698 1264 2759 huius

134 2799 245 2860 scilicet
276 2799 412 2861 solatium
448 2799 582 2861 versibus
609 2809 782 2879 questurum
805 2800 895 2860 luisse
924 2798 1001 2878 quod
1032 2799 1102 2859 huic
1130 2803 1264 2878 supersti-

134 2909 194 2961 tem
217 2919 282 2963 esse
304 2901 394 2961 lilium
424 2903 574 2980 ‘perversi
597 2906 717 2961 manes’
745 2899 933 2960 inviderunt?
959 2900 1051 2959 immo
1080 2899 1148 2959 talia
1174 2902 1264 2978 inpre-

134 3008 217 3061 catur
246 3005 336 3080 patri,
366 3004 413 3063 cui
439 3002 563 3064 dilectus
590 3001 680 3071 lilius,
715 3020 820 3063 exosus
847 3010 932 3082 pater
962 3009 1021 3070 est,
1051 3009 1084 3061 ut
1111 3000 1193 3061 illum
1221 3004 1264 3078 qui

134 3121 202 3164 cum
225 3103 353 3181 Vergilio
376 3103 496 3164 Horatio
519 3105 686 3180 ceterisque
711 3105 813 3164 amicis
835 3101 940 3180 pocula
970 3102 1097 3163 ducebat
1120 3102 1264 3164 Octavium

133 3207 216 3283 parci
244 3214 273 3266 et
294 3208 387 3266 tristis
411 3213 440 3266 et
461 3224 477 3265 a
498 3205 589 3266 Musis
616 3203 717 3273 alieni,
748 3221 819 3282 ergo
847 3206 934 3265 invisi
961 3211 1118 3284 poetarum
1148 3204 1264 3282 collegio

135 3308 214 3367 senis
242 3316 344 3369 natum
366 3308 456 3368 luisse
479 3308 624 3387 suspicer.

219 3409 417 3470 [licitantem
438 3411 469 3469 in
491 3407 608 3470 laudem
631 3410 742 3469 mortui
765 3414 852 3486 poeta
874 3407 948 3467 haec
972 3408 1007 3487 (r.
1030 3403 1051 3468 5
1073 3406 1145 3486 sqi:
1185 3433 1190 3442 ¹

286 3565 386 3639 scripta
409 3565 514 3638 quidem
538 3572 583 3620 tua
606 3582 657 3621 nos
679 3564 795 3619 multum
818 3564 976 3620 mirabimur
999 3571 1074 3619 otte

337 3658 442 3723 raptum
465 3657 493 3705 et
514 3649 659 3705 Romanam
682 3649 805 3706 flebimus
827 3648 977 3704 historiam.

134 3800 215 3877 atqui
243 3796 444 3858 doctissimum
472 3797 625 3858 bominem
648 3805 677 3858 et
698 3798 788 3858 Musis
816 3797 1000 3863 carissimum
1030 3795 1188 3858 cumulatis
1211 3795 1264 3856 lau·

134 3899 221 3961 dibus
250 3908 278 3960 et
300 3899 421 3960 iuvenili
450 3916 552 3959 amore
580 3895 651 3959 colit
680 3900 899 3977 epigrammatis
926 3898 1061 3976 proxime
1089 3898 1264 3976 praeceden-

132 4003 169 4061 tis
194 3998 284 4079 (ΙΙΙΙΙ)
317 4008 433 4069 auctor,
470 4006 499 4060 et
526 3998 608 4060 illum
638 4016 755 4078 quoque
784 3998 974 4060 historiarum
1003 4001 1179 4079 scriptorem
1209 4019 1264 4059 esst

134 4100 242 4163 docent
263 4121 366 4162 versus
388 4097 477 4179 9sq.:

288 4260 304 4296 o
325 4239 387 4313 quis
412 4247 438 4302 te
460 4241 489 4294 in
512 4241 592 4295 terris
616 4239 741 4314 loquitur
763 4240 895 4296 iucundor
918 4241 992 4295 uno?

338 4325 396 4382 Otto
419 4332 472 4380 tam
496 4332 569 4381 corte
592 4324 703 4381 candida
725 4342 778 4381 non
801 4323 932 4398 loquitur.
