2820 4770
597 265 697 309 carun
719 267 754 308 n.
1203 246 1245 310 33

124 434 179 514 quin
201 447 269 490 eum
290 448 362 510 prae
385 428 449 491 aliis
469 432 500 490 in
523 431 638 509 dialogo
655 432 704 492 illo
721 433 891 495 reddiderit.
927 432 1005 510 quod
1022 443 1122 492 tamen
1136 451 1167 512 p.
1184 429 1246 501 102

124 532 222 611 scripsit
243 531 313 591 ‘sed
338 537 392 600 est,
416 530 582 607 Hermolao,
605 532 694 612 plane
716 536 833 605 mirum,
856 535 886 595 in
909 533 956 594 his
979 532 1115 595 versibus
1130 531 1244 613 (233-

123 630 182 709 all)
207 649 295 711 mam
329 649 469 710 perverse
500 632 588 693 multa
617 633 762 712 legantur.
808 654 875 697 nam
904 643 1022 715 praeter
1051 654 1102 696 eos
1129 635 1180 697 ubi
1208 634 1246 694 de

124 731 255 801 Belidibus
282 738 368 812 poeta
399 732 495 810 deque
517 733 562 812 lty
589 737 770 797 mentionem
795 737 879 806 lecit,
909 736 940 795 hi
961 737 1019 814 ipsi
1041 737 1078 798 de
1099 735 1246 798 Alcestide

124 843 152 901 ita
176 842 241 894 sunt
268 834 414 894 immutati
443 843 676 914 spectanturque
704 836 759 897 alia
789 836 863 898 lacis
891 838 922 896 in
951 836 1073 913 reliquis
1099 835 1183 897 libris
1211 853 1246 895 ac

125 941 240 999 visuntur
262 934 292 994 in
316 943 427 1004 nostro,
453 946 485 995 ut
506 955 610 997 verear
626 939 650 998 si
672 937 782 999 librum
803 938 885 999 illurn
908 938 959 998 tihi
981 937 1140 1015 legendum
1156 954 1245 1017 agno·

126 1036 306 1115 scandumque
335 1054 394 1096 non
421 1036 603 1116 praebuero,
633 1057 671 1100 ne
694 1040 843 1099 existimes
872 1039 947 1099 haec
968 1056 1016 1098 me
1038 1039 1186 1099 invenisse
1209 1037 1245 1096 de

126 1139 200 1212 neo’‚
233 1155 318 1197 more
351 1139 456 1198 aetatis
484 1138 563 1198 illius
590 1139 714 1200 nebulas
744 1139 822 1200 bono
850 1138 1008 1198 Hermolao
1043 1138 1246 1201 fraudulenter

127 1239 272 1323 praetexuit
292 1245 325 1298 ut
347 1239 569 1300 emendationes
598 1259 680 1311 suas,
711 1258 835 1318 quarum
858 1257 927 1319 pars
950 1257 1006 1299 nec
1029 1240 1168 1327 Vaticano
1191 1255 1246 1298 neo

128 1340 169 1404 ullo
194 1337 249 1399 alio
278 1338 356 1400 libro
385 1341 591 1410 confirmatur,
622 1341 731 1402 codicis
759 1343 934 1403 auctoritate
962 1341 1015 1401 niti
1041 1339 1245 1420 persuaderet.

129 1461 166 1504 nac
185 1458 242 1499 uno
266 1440 369 1501 codice
392 1460 461 1502 usus
485 1449 538 1511 est,
555 1444 671 1522 ,qqupe
693 1445 779 1505 ouius
801 1449 901 1503 textus
922 1450 1041 1520 praeter
1062 1442 1247 1502 coniecturas

129 1541 211 1605 multas
234 1543 315 1602 omni
338 1542 395 1603 lide
418 1543 573 1624 destitutas
595 1563 663 1604 curn
687 1544 752 1606 aliis
773 1543 858 1604 libris
881 1544 955 1603 meis
977 1541 1065 1603 modo
1089 1540 1134 1601 his
1156 1540 1246 1600 modo

129 1644 169 1706 illis
197 1650 354 1720 congruat,
390 1651 421 1703 ut
453 1652 573 1721 praeter
606 1646 779 1706 Vaticanum
813 1645 886 1705 duos
918 1643 1084 1710 dumtaxat,
1121 1641 1246 1702 alterum

129 1743 230 1808 laniliae
258 1744 294 1803 ad
323 1763 410 1823 quarn
440 1763 475 1804 ex
503 1747 575 1806 meis
602 1747 702 1820 APV,
734 1746 859 1806 alterum
888 1745 968 1811 eius,
997 1743 1033 1804 ad
1063 1761 1152 1822 quam
1173 1743 1250 1802 HVl

130 1847 262 1928 pertinent,
286 1845 339 1905 sed
362 1845 442 1906 huno
464 1849 582 1925 saepius
604 1845 654 1906 illo
678 1855 799 1908 secutus
822 1865 886 1907 esse
909 1844 1051 1906 videatur.
1090 1861 1158 1904 nam
1181 1843 1247 1921 ipse

132 1963 198 2008 unum
219 1944 297 2020 quod
322 1942 649 2008 camerinensem
671 1967 709 2008 ne
731 1950 761 2008 in
784 1967 838 2008 suo
861 1946 979 2026 quidem
1002 1944 1053 2006 illo
1073 1947 1137 2025 ipso
1159 1943 1246 2023 ‘per-

131 2047 214 2107 releri'
236 2043 296 2122 legi
317 2046 427 2106 latetur
448 2066 477 2125 p.
496 2043 557 2107 109
579 2050 631 2107 ‘ea
652 2047 788 2127 pagellae
809 2055 894 2127 parte
917 2053 1089 2126 consumpta
1112 2045 1248 2125 delapsa·

131 2165 171 2228 quc
194 2150 364 2207 vetustate’.
413 2147 465 2208 sed
496 2148 533 2208 de
560 2150 654 2209 nostri
683 2150 816 2210 Vaticani
847 2151 961 2210 iactura
994 2146 1067 2207 nihil
1100 2146 1249 2207 adnotavit

130 2248 370 2325 langemeisterus,
394 2255 496 2309 contra
519 2250 550 2309 in
573 2249 733 2330 archetypo
756 2249 901 2311 librorum
922 2251 985 2310 HV
1006 2247 1172 2308 mutilatum
1195 2265 1245 2306 ou·

130 2350 176 2410 licis
202 2349 289 2408 linem
323 2350 416 2410 luisse
449 2356 563 2411 certum
596 2351 629 2411 fit
657 2351 773 2412 omissis
805 2353 835 2412 in
863 2359 991 2429 utroque
1018 2367 1045 2409 v.
1066 2343 1244 2409 412-414.

131 2468 182 2527 crgo
209 2449 283 2510 fides
310 2450 424 2511 Bembo
455 2450 536 2511 nulla
569 2451 706 2513 habenda
734 2458 792 2520 est,
833 2454 884 2530 qui
910 2460 1009 2513 tamen
1038 2448 1155 2528 qualern
1184 2448 1244 2508 edi·

131 2553 187 2612 derit
203 2558 314 2612 textum
339 2559 371 2612 ut
393 2559 559 2632 appareret,
583 2553 724 2633 adscripsi
746 2555 777 2614 in
800 2553 1014 2613 commentario
1030 2551 1135 2611 critico
1150 2549 1245 2628 scrip-

131 2661 190 2713 turas
207 2653 286 2721 eius,
317 2668 392 2729 quae
414 2652 465 2713 ubi
488 2652 560 2713 nihil
583 2653 719 2714 adnotavi
741 2661 911 2732 congruunt
932 2671 999 2714 oum
1022 2651 1107 2713 libris
1128 2660 1157 2713 et
1178 2669 1245 2710 oum

132 2753 207 2813 Aldina
231 2751 281 2832 (α).
321 2769 397 2830 quae
419 2761 517 2814 antem
539 2756 572 2814 in
592 2754 731 2816 Vaticano
755 2755 858 2817 codice
880 2755 1047 2816 recentiore
1069 2771 1159 2814 manu
1181 2769 1247 2811 eor-

134 2854 229 2914 rectoris
256 2852 347 2914 inlata
372 2862 456 2925 sunt,
489 2855 524 2915 ad
548 2857 645 2933 ipsum
668 2856 811 2918 Bembum
834 2864 988 2918 auctorem
1010 2855 1146 2915 videntur
1168 2852 1246 2913 rele-

134 2954 199 3014 randa
221 2972 298 3017 esse.

193 3056 287 3117 Codex
315 3058 549 3119 Harlet'anus
578 3077 626 3118 no.
649 3054 734 3120 2534
762 3058 832 3118 olim
862 3057 977 3136 collegii
999 3057 1163 3134 agenensis
1185 3072 1246 3117 soc.

135 3153 179 3217 lesu
201 3154 374 3238 κειμήλιον
405 3144 450 3219 in.
465 3159 598 3238 catalogo
627 3159 734 3221 dictus.
784 3162 884 3219 insunt
910 3160 1059 3231 bucolico,
1087 3158 1244 3230 georgica,

135 3259 226 3333 Amas,
256 3275 352 3334 copo,
383 3268 427 3320 est
452 3269 481 3322 et
508 3278 584 3335 con,
619 3264 666 3321 vir
696 3262 788 3321 bonus
809 3268 838 3321 et
863 3264 983 3338 sapiens
1006 3278 1032 3319 e.
1056 3277 1084 3336 q.
1108 3277 1142 3327 s.,
1176 3255 1247 3316 ‘ver

134 3366 180 3419 erct
196 3369 222 3419 et
241 3361 373 3421 blondo’
397 3379 422 3421 e.
447 3378 476 3439 q.
500 3381 534 3431 s.,
569 3369 723 3436 moretum,
750 3362 862 3423 Tibulli
881 3360 919 3421 lV
943 3355 991 3429 14,
1016 3359 1120 3420 culicis
1142 3374 1246 3416 versus

136 3456 219 3522 1-93.
263 3461 395 3522 refertur
417 3461 454 3522 ad
477 3460 588 3523 saeculi
609 3460 675 3523 Xlll
697 3463 822 3522 initium.
861 3460 985 3522 contulit
1007 3457 1110 3519 culicis
1131 3463 1245 3536 partem

135 3577 187 3636 quae
211 3568 289 3623 extat
317 3570 438 3640 rogatus
466 3583 532 3625 mea
560 3564 653 3641 gratia
681 3581 698 3622 a
721 3561 869 3623 Guilelmo
891 3561 1039 3638 Wagnero
1068 3556 1245 3618 benevolen-

134 3662 217 3723 tissime
239 3663 281 3723 vir
309 3663 576 3725 reverendissimus
599 3664 630 3724 E.
654 3662 689 3724 R.
713 3663 840 3731 Horton,
870 3661 907 3721 Μ.
931 3664 974 3730 Α.,
997 3657 1247 3736 cantabrigiensis

115 3754 125 3797 .·
135 3779 211 3840 nuper,
226 3782 306 3824 nunc
320 3762 529 3834 Londinensis;
553 3764 630 3826 unde
646 3762 815 3825 Colbertino
831 3761 936 3840 Silligii
951 3769 1056 3840 quarto
1077 3761 1140 3820 lere
1155 3762 1247 3838 gerni-

115 3864 192 3933 inun,
212 3863 240 3924 h.
257 3883 283 3925 e.
306 3865 404 3942 exigui
425 3865 472 3925 vel
494 3865 602 3926 nullius
623 3866 711 3944 pretii
735 3853 799 3926 esse
816 3855 961 3924 intellexi.
1001 3862 1075 3941 siglo
1098 3863 1195 3922 notavi
1213 3861 1247 3921 0.

115 3948 144 4043 ‘l
203 3966 405 4027 Vossianus
431 3984 460 4026 n.
491 3962 531 4027 78
559 3968 651 4027 catal.
680 3967 749 4026 bibl.
773 3968 853 4026 univ.
876 3965 1048 4043 laciensis,
1075 3965 1107 4022 in
1134 3980 1246 4041 papyro

115 4050 236 4145 locriptus
262 4067 362 4127 nescio
386 4083 442 4142 qua
465 4074 574 4137 aetate,
606 4085 673 4126 narn
696 4067 761 4143 ipse
784 4083 842 4126 non
864 4055 932 4124 vidi.
978 4056 1159 4142 descriptum
1182 4081 1247 4122 esse

115 4170 166 4239 [ex
181 4166 294 4227 editione
320 4173 435 4228 vetusta
458 4169 629 4228 vicentinae
652 4185 677 4227 a.
703 4163 785 4226 1479
807 4165 955 4226 simillima
983 4164 1149 4242 suspicatur
1170 4163 1246 4224 Nae·

115 4263 189 4331 {lius
205 4285 229 4345 p.
249 4265 310 4330 369
331 4287 395 4348 sqq.
440 4269 543 4328 insunt
570 4275 666 4328 autern
696 4275 814 4347 praeter
840 4266 1004 4328 versiculos
1025 4264 1135 4326 multos
1159 4263 1194 4342 (e.
1219 4284 1244 4326 c.

115 4372 118 4417 l
193 4381 510 4439 rinnaox‚vnxa1n.1v.
1024 4365 1044 4431 3
1224 4370 1226 4375 '
