<?xml version="1.0" encoding="UTF-8"?>
<!DOCTYPE html PUBLIC "-//W3C//DTD XHTML 1.0 Transitional//EN"
    "http://www.w3.org/TR/xhtml1/DTD/xhtml1-transitional.dtd">
<html xmlns="http://www.w3.org/1999/xhtml" xml:lang="en" lang="en">
 <head>
  <title>
</title>
<meta http-equiv="Content-Type" content="text/html;charset=utf-8" />
  <meta name='ocr-system' content='tesseract 3.04.00' />
  <meta name='ocr-capabilities' content='ocr_page ocr_carea ocr_par ocr_line ocrx_word'/>
</head>
<body>
  <div class='ocr_page' id='page_1' title='image "./opera07virggoog_0046.png"; bbox 0 0 2782 4778; ppageno 0'>
   <div class='ocr_carea' id='block_1_1' title="bbox 589 285 1233 387">
    <p class='ocr_par' dir='ltr' id='par_1_1' title="bbox 589 285 1233 387">
     <span class='ocr_line' id='line_1_1' title="bbox 589 285 1233 387; baseline 0.008 -41"><span class='ocrx_word' id='word_1_1' title='bbox 589 305 689 387; x_wconf 75' lang='lat' dir='ltr'>cerua</span> <span class='ocrx_word' id='word_1_2' title='bbox 711 308 732 349; x_wconf 92' lang='lat'>1.</span> <span class='ocrx_word' id='word_1_3' title='bbox 1190 285 1233 351; x_wconf 83' lang='lat'>23</span> 
     </span>
    </p>
   </div>
   <div class='ocr_carea' id='block_1_2' title="bbox 130 474 1229 657">
    <p class='ocr_par' dir='ltr' id='par_1_2' title="bbox 130 474 1229 657">
     <span class='ocr_line' id='line_1_2' title="bbox 130 474 1229 555; baseline 0 -19"><span class='ocrx_word' id='word_1_4' title='bbox 130 495 159 536; x_wconf 82' lang='lat' dir='ltr'>rc</span> <span class='ocrx_word' id='word_1_5' title='bbox 175 474 350 553; x_wconf 88' lang='lat' dir='ltr'>Vergilianis</span> <span class='ocrx_word' id='word_1_6' title='bbox 378 475 489 553; x_wconf 89' lang='lat' dir='ltr'>eclogis</span> <span class='ocrx_word' id='word_1_7' title='bbox 512 493 565 554; x_wconf 86' lang='lat' dir='ltr'>par</span> <span class='ocrx_word' id='word_1_8' title='bbox 589 482 618 535; x_wconf 89' lang='lat' dir='ltr'>et</span> <span class='ocrx_word' id='word_1_9' title='bbox 641 484 815 553; x_wconf 87' lang='lat' dir='ltr'>argumento</span> <span class='ocrx_word' id='word_1_10' title='bbox 837 475 967 536; x_wconf 85' lang='lat' dir='ltr'>dirarum</span> <span class='ocrx_word' id='word_1_11' title='bbox 992 483 1073 537; x_wconf 92' lang='lat' dir='ltr'>certe</span> <span class='ocrx_word' id='word_1_12' title='bbox 1096 496 1111 537; x_wconf 94' lang='lat' dir='ltr'>a</span> <span class='ocrx_word' id='word_1_13' title='bbox 1134 477 1229 555; x_wconf 92' lang='lat' dir='ltr'>prima</span> 
     </span>
     <span class='ocr_line' id='line_1_3' title="bbox 137 575 1186 657; baseline 0.003 -20"><span class='ocrx_word' id='word_1_14' title='bbox 137 595 216 638; x_wconf 90' lang='lat' dir='ltr'>nona</span> <span class='ocrx_word' id='word_1_15' title='bbox 239 579 373 657; x_wconf 82' lang='lat' dir='ltr'>proxime</span> <span class='ocrx_word' id='word_1_16' title='bbox 396 596 452 638; x_wconf 88' lang='lat' dir='ltr'>nec</span> <span class='ocrx_word' id='word_1_17' title='bbox 474 577 562 638; x_wconf 84' lang='lat' dir='ltr'>nimis</span> <span class='ocrx_word' id='word_1_18' title='bbox 584 596 600 636; x_wconf 92' lang='lat' dir='ltr'>a</span> <span class='ocrx_word' id='word_1_19' title='bbox 625 575 780 638; x_wconf 84' lang='lat' dir='ltr'>bucolicon</span> <span class='ocrx_word' id='word_1_20' title='bbox 803 576 870 639; x_wconf 89' lang='lat' dir='ltr'>stilo</span> <span class='ocrx_word' id='word_1_21' title='bbox 893 576 998 639; x_wconf 89' lang='lat' dir='ltr'>abesse</span> <span class='ocrx_word' id='word_1_22' title='bbox 1022 577 1186 642; x_wconf 84' lang='lat' dir='ltr'>videbatur.</span> 
     </span>
    </p>
   </div>
   <div class='ocr_carea' id='block_1_3' title="bbox 129 880 1295 3498">
    <p class='ocr_par' dir='ltr' id='par_1_3' title="bbox 130 880 1295 2889">
     <span class='ocr_line' id='line_1_4' title="bbox 170 880 1229 962; baseline -0.001 -18"><span class='ocrx_word' id='word_1_23' title='bbox 170 884 297 962; x_wconf 78' lang='lat' dir='ltr'>Propter</span> <span class='ocrx_word' id='word_1_24' title='bbox 323 882 416 943; x_wconf 89' lang='lat' dir='ltr'>solam</span> <span class='ocrx_word' id='word_1_25' title='bbox 444 882 571 961; x_wconf 90' lang='lat' dir='ltr'>denique</span> <span class='ocrx_word' id='word_1_26' title='bbox 599 880 658 942; x_wconf 91' lang='lat' dir='ltr'>stili</span> <span class='ocrx_word' id='word_1_27' title='bbox 681 880 842 958; x_wconf 81' lang='lat' dir='ltr'>Vergiliani</span> <span class='ocrx_word' id='word_1_28' title='bbox 864 883 1060 942; x_wconf 74' lang='lat' dir='ltr'>Imitationem</span> <span class='ocrx_word' id='word_1_29' title='bbox 1083 882 1229 960; x_wconf 90' lang='lat' dir='ltr'>quandam</span> 
     </span>
     <span class='ocr_line' id='line_1_5' title="bbox 130 983 1229 1063; baseline -0.001 -17"><span class='ocrx_word' id='word_1_30' title='bbox 130 986 194 1053; x_wconf 71' lang='lat' dir='ltr'>‚eris</span> <span class='ocrx_word' id='word_1_31' title='bbox 221 983 371 1062; x_wconf 87' lang='lat' dir='ltr'>opusculis</span> <span class='ocrx_word' id='word_1_32' title='bbox 399 984 568 1044; x_wconf 90' lang='lat' dir='ltr'>adiunctum</span> <span class='ocrx_word' id='word_1_33' title='bbox 597 983 711 1044; x_wconf 90' lang='lat' dir='ltr'>videtur</span> <span class='ocrx_word' id='word_1_34' title='bbox 744 985 864 1044; x_wconf 76' lang='lat' dir='ltr'>Aetna</span> <span class='ocrx_word' id='word_1_35' title='bbox 891 1002 1012 1063; x_wconf 89' lang='lat' dir='ltr'>poema,</span> <span class='ocrx_word' id='word_1_36' title='bbox 1042 984 1120 1063; x_wconf 91' lang='lat' dir='ltr'>quod</span> <span class='ocrx_word' id='word_1_37' title='bbox 1147 991 1229 1045; x_wconf 87' lang='lat' dir='ltr'>certe</span> 
     </span>
     <span class='ocr_line' id='line_1_6' title="bbox 130 1081 1226 1165; baseline 0 -19"><span class='ocrx_word' id='word_1_38' title='bbox 130 1104 200 1147; x_wconf 88' lang='lat' dir='ltr'>neca</span> <span class='ocrx_word' id='word_1_39' title='bbox 224 1105 289 1145; x_wconf 92' lang='lat' dir='ltr'>cum</span> <span class='ocrx_word' id='word_1_40' title='bbox 313 1087 397 1164; x_wconf 84' lang='lat' dir='ltr'>epist.</span> <span class='ocrx_word' id='word_1_41' title='bbox 418 1081 458 1145; x_wconf 75' lang='lat'>79</span> <span class='ocrx_word' id='word_1_42' title='bbox 481 1085 600 1164; x_wconf 83' lang='lat' dir='ltr'>scripsit</span> <span class='ocrx_word' id='word_1_43' title='bbox 621 1085 752 1145; x_wconf 91' lang='lat' dir='ltr'>nondum</span> <span class='ocrx_word' id='word_1_44' title='bbox 776 1094 908 1146; x_wconf 87' lang='lat' dir='ltr'>noverat.</span> <span class='ocrx_word' id='word_1_45' title='bbox 948 1085 1026 1162; x_wconf 92' lang='lat' dir='ltr'>quod</span> <span class='ocrx_word' id='word_1_46' title='bbox 1050 1087 1074 1146; x_wconf 91' lang='lat' dir='ltr'>si</span> <span class='ocrx_word' id='word_1_47' title='bbox 1096 1085 1226 1165; x_wconf 84' lang='lat' dir='ltr'>legisset,</span> 
     </span>
     <span class='ocr_line' id='line_1_7' title="bbox 130 1185 1226 1267; baseline 0.001 -21"><span class='ocrx_word' id='word_1_48' title='bbox 130 1207 153 1248; x_wconf 79' lang='lat' dir='ltr'>re</span> <span class='ocrx_word' id='word_1_49' title='bbox 182 1188 290 1246; x_wconf 89' lang='lat' dir='ltr'>ceteris</span> <span class='ocrx_word' id='word_1_50' title='bbox 318 1185 516 1255; x_wconf 82' lang='lat' dir='ltr'>carminibus,</span> <span class='ocrx_word' id='word_1_51' title='bbox 539 1187 570 1244; x_wconf 92' lang='lat' dir='ltr'>in</span> <span class='ocrx_word' id='word_1_52' title='bbox 593 1185 702 1264; x_wconf 91' lang='lat' dir='ltr'>quibus</span> <span class='ocrx_word' id='word_1_53' title='bbox 731 1186 828 1247; x_wconf 87' lang='lat' dir='ltr'>obiter</span> <span class='ocrx_word' id='word_1_54' title='bbox 855 1189 948 1249; x_wconf 89' lang='lat' dir='ltr'>Aetna</span> <span class='ocrx_word' id='word_1_55' title='bbox 978 1187 1126 1267; x_wconf 85' lang='lat' dir='ltr'>descripta</span> <span class='ocrx_word' id='word_1_56' title='bbox 1155 1196 1226 1257; x_wconf 90' lang='lat' dir='ltr'>erat,</span> 
     </span>
     <span class='ocr_line' id='line_1_8' title="bbox 130 1285 1227 1368; baseline 0.001 -20"><span class='ocrx_word' id='word_1_57' title='bbox 130 1289 269 1348; x_wconf 73' lang='lat' dir='ltr'>[lavisset.</span> <span class='ocrx_word' id='word_1_58' title='bbox 314 1305 382 1347; x_wconf 92' lang='lat' dir='ltr'>nam</span> <span class='ocrx_word' id='word_1_59' title='bbox 405 1295 525 1365; x_wconf 89' lang='lat' dir='ltr'>praeter</span> <span class='ocrx_word' id='word_1_60' title='bbox 548 1286 667 1364; x_wconf 87' lang='lat' dir='ltr'>Vergilii</span> <span class='ocrx_word' id='word_1_61' title='bbox 689 1287 820 1349; x_wconf 89' lang='lat' dir='ltr'>Aeneida</span> <span class='ocrx_word' id='word_1_62' title='bbox 843 1287 892 1363; x_wconf 88' lang='grc' dir='ltr'>(ΙΙΙ</span> <span class='ocrx_word' id='word_1_63' title='bbox 906 1285 971 1349; x_wconf 81' lang='grc'>570</span> <span class='ocrx_word' id='word_1_64' title='bbox 986 1288 1062 1368; x_wconf 87' lang='lat' dir='ltr'>sqq.)</span> <span class='ocrx_word' id='word_1_65' title='bbox 1088 1297 1117 1349; x_wconf 93' lang='lat' dir='ltr'>et</span> <span class='ocrx_word' id='word_1_66' title='bbox 1132 1288 1227 1349; x_wconf 87' lang='lat' dir='ltr'>Ovidii</span> 
     </span>
     <span class='ocr_line' id='line_1_9' title="bbox 130 1387 1226 1468; baseline 0 -18"><span class='ocrx_word' id='word_1_67' title='bbox 130 1388 340 1468; x_wconf 89' lang='lat' dir='ltr'>tamorphoses</span> <span class='ocrx_word' id='word_1_68' title='bbox 355 1387 485 1450; x_wconf 88' lang='lat' dir='ltr'>Cornelii</span> <span class='ocrx_word' id='word_1_69' title='bbox 501 1388 601 1448; x_wconf 88' lang='lat' dir='ltr'>Severi</span> <span class='ocrx_word' id='word_1_70' title='bbox 624 1387 734 1449; x_wconf 92' lang='lat' dir='ltr'>bellum</span> <span class='ocrx_word' id='word_1_71' title='bbox 757 1388 888 1450; x_wconf 90' lang='lat' dir='ltr'>Siculum</span> <span class='ocrx_word' id='word_1_72' title='bbox 913 1390 1078 1468; x_wconf 85' lang='lat' dir='ltr'>significare</span> <span class='ocrx_word' id='word_1_73' title='bbox 1101 1390 1226 1460; x_wconf 73' lang='lat' dir='ltr'>vitietur,</span> 
     </span>
     <span class='ocr_line' id='line_1_10' title="bbox 130 1489 1223 1570; baseline 0.005 -24"><span class='ocrx_word' id='word_1_74' title='bbox 130 1535 132 1546; x_wconf 92' lang='lat'>.</span> <span class='ocrx_word' id='word_1_75' title='bbox 155 1493 224 1570; x_wconf 90' lang='lat' dir='ltr'>ipse</span> <span class='ocrx_word' id='word_1_76' title='bbox 247 1489 390 1559; x_wconf 89' lang='lat' dir='ltr'>Lucillus,</span> <span class='ocrx_word' id='word_1_77' title='bbox 413 1499 590 1569; x_wconf 88' lang='lat' dir='ltr'>procurator</span> <span class='ocrx_word' id='word_1_78' title='bbox 613 1489 746 1561; x_wconf 93' lang='lat' dir='ltr'>Siciliae,</span> <span class='ocrx_word' id='word_1_79' title='bbox 771 1491 902 1566; x_wconf 77' lang='lat' dir='ltr'>Senecae</span> <span class='ocrx_word' id='word_1_80' title='bbox 925 1493 1047 1560; x_wconf 91' lang='lat' dir='ltr'>amicus,</span> <span class='ocrx_word' id='word_1_81' title='bbox 1071 1491 1223 1570; x_wconf 88' lang='lat' dir='ltr'>peculiare</span> 
     </span>
     <span class='ocr_line' id='line_1_11' title="bbox 130 1591 1223 1672; baseline 0 -19"><span class='ocrx_word' id='word_1_82' title='bbox 130 1593 226 1654; x_wconf 82' lang='lat' dir='ltr'>Aetna</span> <span class='ocrx_word' id='word_1_83' title='bbox 248 1610 353 1669; x_wconf 88' lang='lat' dir='ltr'>poema</span> <span class='ocrx_word' id='word_1_84' title='bbox 377 1600 438 1652; x_wconf 92' lang='lat' dir='ltr'>tum</span> <span class='ocrx_word' id='word_1_85' title='bbox 461 1593 626 1670; x_wconf 86' lang='lat' dir='ltr'>scripturus</span> <span class='ocrx_word' id='word_1_86' title='bbox 650 1599 721 1660; x_wconf 91' lang='lat' dir='ltr'>erat,</span> <span class='ocrx_word' id='word_1_87' title='bbox 745 1608 813 1652; x_wconf 92' lang='lat' dir='ltr'>cum</span> <span class='ocrx_word' id='word_1_88' title='bbox 835 1591 885 1651; x_wconf 92' lang='lat' dir='ltr'>ille</span> <span class='ocrx_word' id='word_1_89' title='bbox 908 1592 1030 1652; x_wconf 88' lang='lat' dir='ltr'>suadeat</span> <span class='ocrx_word' id='word_1_90' title='bbox 1053 1599 1086 1652; x_wconf 93' lang='lat' dir='ltr'>ut</span> <span class='ocrx_word' id='word_1_91' title='bbox 1107 1593 1137 1652; x_wconf 92' lang='lat' dir='ltr'>in</span> <span class='ocrx_word' id='word_1_92' title='bbox 1155 1611 1223 1672; x_wconf 87' lang='lat' dir='ltr'>car-</span> 
     </span>
     <span class='ocr_line' id='line_1_12' title="bbox 131 1692 1224 1775; baseline 0.001 -21"><span class='ocrx_word' id='word_1_93' title='bbox 131 1713 160 1754; x_wconf 88' lang='lat' dir='ltr'>re</span> <span class='ocrx_word' id='word_1_94' title='bbox 190 1712 245 1754; x_wconf 91' lang='lat' dir='ltr'>suo</span> <span class='ocrx_word' id='word_1_95' title='bbox 273 1692 341 1772; x_wconf 84' lang='lat' dir='ltr'>(quo</span> <span class='ocrx_word' id='word_1_96' title='bbox 369 1693 494 1753; x_wconf 83' lang='lat' dir='ltr'>fortasse</span> <span class='ocrx_word' id='word_1_97' title='bbox 517 1692 647 1752; x_wconf 91' lang='lat' dir='ltr'>Siciliam</span> <span class='ocrx_word' id='word_1_98' title='bbox 677 1695 844 1754; x_wconf 90' lang='lat' dir='ltr'>universam</span> <span class='ocrx_word' id='word_1_99' title='bbox 873 1712 1015 1755; x_wconf 90' lang='lat' dir='ltr'>enarrare</span> <span class='ocrx_word' id='word_1_100' title='bbox 1044 1695 1224 1775; x_wconf 85' lang='lat' dir='ltr'>decreverat)</span> 
     </span>
     <span class='ocr_line' id='line_1_13' title="bbox 131 1784 1225 1875; baseline 0.001 -20"><span class='ocrx_word' id='word_1_101' title='bbox 131 1815 160 1855; x_wconf 88' lang='lat' dir='ltr'>rc</span> <span class='ocrx_word' id='word_1_102' title='bbox 195 1812 314 1874; x_wconf 91' lang='lat' dir='ltr'>quoque</span> <span class='ocrx_word' id='word_1_103' title='bbox 343 1793 516 1855; x_wconf 90' lang='lat' dir='ltr'>sollemnem</span> <span class='ocrx_word' id='word_1_104' title='bbox 547 1794 683 1854; x_wconf 91' lang='lat' dir='ltr'>omnibus</span> <span class='ocrx_word' id='word_1_105' title='bbox 716 1797 811 1874; x_wconf 90' lang='lat' dir='ltr'>poetis</span> <span class='ocrx_word' id='word_1_106' title='bbox 834 1795 939 1856; x_wconf 87' lang='lat' dir='ltr'>locum</span> <span class='ocrx_word' id='word_1_107' title='bbox 969 1784 1109 1872; x_wconf 67' lang='lat' dir='ltr'>attingat.</span> <span class='ocrx_word' id='word_1_108' title='bbox 1154 1815 1225 1875; x_wconf 88' lang='lat' dir='ltr'>ergo</span> 
     </span>
     <span class='ocr_line' id='line_1_14' title="bbox 130 1892 1225 1978; baseline 0.001 -21"><span class='ocrx_word' id='word_1_109' title='bbox 130 1917 147 1957; x_wconf 93' lang='lat' dir='ltr'>n</span> <span class='ocrx_word' id='word_1_110' title='bbox 171 1899 251 1958; x_wconf 89' lang='lat' dir='ltr'>intra</span> <span class='ocrx_word' id='word_1_111' title='bbox 273 1896 365 1957; x_wconf 89' lang='lat' dir='ltr'>a&#39;unos</span> <span class='ocrx_word' id='word_1_112' title='bbox 387 1892 448 1956; x_wconf 87' lang='grc'>811</span> <span class='ocrx_word' id='word_1_113' title='bbox 474 1903 503 1955; x_wconf 92' lang='lat' dir='ltr'>et</span> <span class='ocrx_word' id='word_1_114' title='bbox 525 1892 587 1956; x_wconf 88' lang='lat'>818</span> <span class='ocrx_word' id='word_1_115' title='bbox 609 1892 754 1975; x_wconf 75' lang='lat' dir='ltr'>(tt-64)</span> <span class='ocrx_word' id='word_1_116' title='bbox 779 1898 910 1958; x_wconf 90' lang='lat' dir='ltr'>Senecae</span> <span class='ocrx_word' id='word_1_117' title='bbox 934 1897 1075 1977; x_wconf 90' lang='lat' dir='ltr'>epistulae</span> <span class='ocrx_word' id='word_1_118' title='bbox 1098 1899 1225 1978; x_wconf 86' lang='lat' dir='ltr'>scriptae</span> 
     </span>
     <span class='ocr_line' id='line_1_15' title="bbox 130 1997 1224 2078; baseline 0 -19"><span class='ocrx_word' id='word_1_119' title='bbox 130 2007 152 2068; x_wconf 83' lang='lat' dir='ltr'>t,</span> <span class='ocrx_word' id='word_1_120' title='bbox 177 2001 271 2059; x_wconf 81' lang='lat' dir='ltr'>Aetna</span> <span class='ocrx_word' id='word_1_121' title='bbox 293 2016 397 2077; x_wconf 91' lang='lat' dir='ltr'>poema</span> <span class='ocrx_word' id='word_1_122' title='bbox 422 1997 500 2074; x_wconf 90' lang='lat' dir='ltr'>quod</span> <span class='ocrx_word' id='word_1_123' title='bbox 530 2004 608 2058; x_wconf 85' lang='lat' dir='ltr'>extat</span> <span class='ocrx_word' id='word_1_124' title='bbox 637 2004 702 2077; x_wconf 88' lang='lat' dir='ltr'>post</span> <span class='ocrx_word' id='word_1_125' title='bbox 732 1997 803 2058; x_wconf 81' lang='lat' dir='ltr'>illut</span> <span class='ocrx_word' id='word_1_126' title='bbox 829 2007 959 2078; x_wconf 90' lang='lat' dir='ltr'>tempus,</span> <span class='ocrx_word' id='word_1_127' title='bbox 990 2000 1043 2060; x_wconf 89' lang='lat' dir='ltr'>sed</span> <span class='ocrx_word' id='word_1_128' title='bbox 1066 2006 1224 2077; x_wconf 88' lang='lat' dir='ltr'>antequam</span> 
     </span>
     <span class='ocr_line' id='line_1_16' title="bbox 130 2098 1224 2183; baseline 0 -22"><span class='ocrx_word' id='word_1_129' title='bbox 130 2102 242 2162; x_wconf 74' lang='lat' dir='ltr'>rtouius</span> <span class='ocrx_word' id='word_1_130' title='bbox 257 2102 357 2183; x_wconf 9' lang='lat' dir='ltr'>*vitam</span> <span class='ocrx_word' id='word_1_131' title='bbox 387 2098 510 2177; x_wconf 83' lang='lat' dir='ltr'>Vergilii</span> <span class='ocrx_word' id='word_1_132' title='bbox 538 2101 715 2178; x_wconf 89' lang='lat' dir='ltr'>composuit,</span> <span class='ocrx_word' id='word_1_133' title='bbox 748 2108 776 2160; x_wconf 89' lang='lat' dir='ltr'>et</span> <span class='ocrx_word' id='word_1_134' title='bbox 804 2103 947 2180; x_wconf 91' lang='lat' dir='ltr'>scriptum</span> <span class='ocrx_word' id='word_1_135' title='bbox 978 2109 1007 2160; x_wconf 92' lang='lat' dir='ltr'>et</span> <span class='ocrx_word' id='word_1_136' title='bbox 1034 2103 1064 2160; x_wconf 96' lang='lat' dir='ltr'>in</span> <span class='ocrx_word' id='word_1_137' title='bbox 1092 2100 1224 2180; x_wconf 79' lang='lat' dir='ltr'>syllogen</span> 
     </span>
     <span class='ocr_line' id='line_1_17' title="bbox 133 2194 1222 2281; baseline -0.002 -18"><span class='ocrx_word' id='word_1_138' title='bbox 133 2211 212 2266; x_wconf 89' lang='lat' dir='ltr'>tram</span> <span class='ocrx_word' id='word_1_139' title='bbox 236 2209 387 2281; x_wconf 90' lang='lat' dir='ltr'>receptum</span> <span class='ocrx_word' id='word_1_140' title='bbox 409 2219 532 2262; x_wconf 88' lang='lat' dir='ltr'>necesse</span> <span class='ocrx_word' id='word_1_141' title='bbox 548 2207 602 2270; x_wconf 93' lang='lat' dir='ltr'>est,</span> <span class='ocrx_word' id='word_1_142' title='bbox 625 2201 770 2280; x_wconf 90' lang='lat' dir='ltr'>siquidem</span> <span class='ocrx_word' id='word_1_143' title='bbox 786 2210 868 2262; x_wconf 92' lang='lat' dir='ltr'>recte</span> <span class='ocrx_word' id='word_1_144' title='bbox 884 2194 1024 2272; x_wconf 77' lang='lat' dir='ltr'>creilitur,</span> <span class='ocrx_word' id='word_1_145' title='bbox 1048 2203 1222 2262; x_wconf 89' lang='lat' dir='ltr'>Suetonium</span> 
     </span>
     <span class='ocr_line' id='line_1_18' title="bbox 131 2290 1223 2384; baseline -0.003 -18"><span class='ocrx_word' id='word_1_146' title='bbox 131 2290 358 2384; x_wconf 86' lang='lat' dir='ltr'>compilatorem</span> <span class='ocrx_word' id='word_1_147' title='bbox 388 2304 452 2364; x_wconf 92' lang='lat' dir='ltr'>eius</span> <span class='ocrx_word' id='word_1_148' title='bbox 475 2303 620 2364; x_wconf 86' lang='lat' dir='ltr'>Donatum</span> <span class='ocrx_word' id='word_1_149' title='bbox 643 2302 766 2363; x_wconf 79' lang='lat' dir='ltr'>Aetnam</span> <span class='ocrx_word' id='word_1_150' title='bbox 790 2304 868 2364; x_wconf 90' lang='lat' dir='ltr'>inter</span> <span class='ocrx_word' id='word_1_151' title='bbox 891 2302 1034 2383; x_wconf 86' lang='lat' dir='ltr'>opuscula</span> <span class='ocrx_word' id='word_1_152' title='bbox 1058 2302 1223 2381; x_wconf 86' lang='lat' dir='ltr'>Vergiliana</span> 
     </span>
     <span class='ocr_line' id='line_1_19' title="bbox 130 2405 1222 2484; baseline -0.005 -16"><span class='ocrx_word' id='word_1_153' title='bbox 130 2407 309 2468; x_wconf 76' lang='lat' dir='ltr'>{meravisse</span> <span class='ocrx_word' id='word_1_154' title='bbox 352 2406 520 2467; x_wconf 90' lang='lat' dir='ltr'>accuratius</span> <span class='ocrx_word' id='word_1_155' title='bbox 549 2405 635 2464; x_wconf 88' lang='lat' dir='ltr'>etiam</span> <span class='ocrx_word' id='word_1_156' title='bbox 669 2406 828 2464; x_wconf 88' lang='lat' dir='ltr'>terminum</span> <span class='ocrx_word' id='word_1_157' title='bbox 861 2414 929 2465; x_wconf 92' lang='lat' dir='ltr'>aute</span> <span class='ocrx_word' id='word_1_158' title='bbox 963 2422 1051 2482; x_wconf 89' lang='lat' dir='ltr'>quem</span> <span class='ocrx_word' id='word_1_159' title='bbox 1079 2406 1222 2484; x_wconf 86' lang='lat' dir='ltr'>scriptum</span> 
     </span>
     <span class='ocr_line' id='line_1_20' title="bbox 130 2505 1295 2586; baseline -0.002 -19"><span class='ocrx_word' id='word_1_160' title='bbox 130 2529 144 2568; x_wconf 88' lang='lat' dir='ltr'>e</span> <span class='ocrx_word' id='word_1_161' title='bbox 168 2506 323 2586; x_wconf 89' lang='lat' dir='ltr'>probabile</span> <span class='ocrx_word' id='word_1_162' title='bbox 346 2508 383 2567; x_wconf 93' lang='lat' dir='ltr'>sit</span> <span class='ocrx_word' id='word_1_163' title='bbox 406 2505 537 2565; x_wconf 88' lang='lat' dir='ltr'>delinivit</span> <span class='ocrx_word' id='word_1_164' title='bbox 559 2506 733 2584; x_wconf 87' lang='lat' dir='ltr'>nuperrime</span> <span class='ocrx_word' id='word_1_165' title='bbox 748 2506 862 2574; x_wconf 80' lang='lat' dir='ltr'>Murrio,</span> <span class='ocrx_word' id='word_1_166' title='bbox 887 2508 971 2567; x_wconf 91' lang='lat' dir='ltr'>cuius</span> <span class='ocrx_word' id='word_1_167' title='bbox 993 2506 1129 2566; x_wconf 89' lang='lat' dir='ltr'>recensio</span> <span class='ocrx_word' id='word_1_168' title='bbox 1153 2523 1221 2583; x_wconf 94' lang='lat' dir='ltr'>poe·</span> <span class='ocrx_word' id='word_1_169' title='bbox 1292 2524 1295 2529; x_wconf 90' lang='lat'>·</span> 
     </span>
     <span class='ocr_line' id='line_1_21' title="bbox 130 2604 1219 2687; baseline -0.003 -19"><span class='ocrx_word' id='word_1_170' title='bbox 130 2611 165 2669; x_wconf 91' lang='lat' dir='ltr'>tis</span> <span class='ocrx_word' id='word_1_171' title='bbox 194 2608 240 2668; x_wconf 90' lang='lat' dir='ltr'>his</span> <span class='ocrx_word' id='word_1_172' title='bbox 266 2610 337 2687; x_wconf 89' lang='lat' dir='ltr'>ipsis</span> <span class='ocrx_word' id='word_1_173' title='bbox 365 2605 486 2678; x_wconf 88' lang='lat' dir='ltr'>diebus,</span> <span class='ocrx_word' id='word_1_174' title='bbox 518 2625 585 2666; x_wconf 89' lang='lat' dir='ltr'>cum</span> <span class='ocrx_word' id='word_1_175' title='bbox 614 2606 664 2666; x_wconf 81' lang='lat' dir='ltr'>(liu</span> <span class='ocrx_word' id='word_1_176' title='bbox 692 2608 747 2666; x_wconf 91' lang='lat' dir='ltr'>luit</span> <span class='ocrx_word' id='word_1_177' title='bbox 774 2614 931 2686; x_wconf 90' lang='lat' dir='ltr'>postquam</span> <span class='ocrx_word' id='word_1_178' title='bbox 959 2604 1009 2666; x_wconf 91' lang='lat' dir='ltr'>illa</span> <span class='ocrx_word' id='word_1_179' title='bbox 1033 2607 1219 2684; x_wconf 82' lang='lat' dir='ltr'>scripseram,</span> 
     </span>
     <span class='ocr_line' id='line_1_22' title="bbox 130 2706 1219 2771; baseline -0.006 0"><span class='ocrx_word' id='word_1_180' title='bbox 130 2711 203 2771; x_wconf 91' lang='lat' dir='ltr'>toris</span> <span class='ocrx_word' id='word_1_181' title='bbox 226 2709 387 2770; x_wconf 89' lang='lat' dir='ltr'>doctissimi</span> <span class='ocrx_word' id='word_1_182' title='bbox 409 2707 553 2768; x_wconf 88' lang='lat' dir='ltr'>beneficio</span> <span class='ocrx_word' id='word_1_183' title='bbox 577 2707 649 2767; x_wconf 91' lang='lat' dir='ltr'>milri</span> <span class='ocrx_word' id='word_1_184' title='bbox 671 2709 840 2769; x_wconf 88' lang='lat' dir='ltr'>transmissa</span> <span class='ocrx_word' id='word_1_185' title='bbox 864 2716 917 2769; x_wconf 93' lang='lat' dir='ltr'>est.</span> <span class='ocrx_word' id='word_1_186' title='bbox 963 2726 1031 2768; x_wconf 92' lang='lat' dir='ltr'>cum</span> <span class='ocrx_word' id='word_1_187' title='bbox 1054 2708 1133 2768; x_wconf 90' lang='lat' dir='ltr'>enim</span> <span class='ocrx_word' id='word_1_188' title='bbox 1149 2706 1219 2768; x_wconf 89' lang='lat' dir='ltr'>Vul-</span> 
     </span>
     <span class='ocr_line' id='line_1_23' title="bbox 130 2794 1221 2889; baseline -0.002 -18"><span class='ocrx_word' id='word_1_189' title='bbox 130 2815 146 2872; x_wconf 84' lang='grc' dir='ltr'>,ἰ</span> <span class='ocrx_word' id='word_1_190' title='bbox 175 2829 253 2888; x_wconf 90' lang='lat' dir='ltr'>quac</span> <span class='ocrx_word' id='word_1_191' title='bbox 270 2794 357 2871; x_wconf 73' lang='lat' dir='ltr'>buno</span> <span class='ocrx_word' id='word_1_192' title='bbox 379 2830 408 2889; x_wconf 92' lang='lat' dir='ltr'>p.</span> <span class='ocrx_word' id='word_1_193' title='bbox 433 2809 501 2870; x_wconf 86' lang='lat' dir='ltr'>Chr.</span> <span class='ocrx_word' id='word_1_194' title='bbox 525 2805 565 2869; x_wconf 79' lang='lat'>79</span> <span class='ocrx_word' id='word_1_195' title='bbox 588 2809 694 2869; x_wconf 89' lang='lat' dir='ltr'>accidit</span> <span class='ocrx_word' id='word_1_196' title='bbox 722 2812 838 2889; x_wconf 90' lang='lat' dir='ltr'>eruptio</span> <span class='ocrx_word' id='word_1_197' title='bbox 862 2829 878 2869; x_wconf 92' lang='lat' dir='ltr'>a</span> <span class='ocrx_word' id='word_1_198' title='bbox 901 2818 988 2889; x_wconf 90' lang='lat' dir='ltr'>poeta</span> <span class='ocrx_word' id='word_1_199' title='bbox 1011 2810 1221 2879; x_wconf 88' lang='lat' dir='ltr'>curiosissimo,</span> 
     </span>
    </p>

    <p class='ocr_par' dir='ltr' id='par_1_4' title="bbox 129 2910 1222 3498">
     <span class='ocr_line' id='line_1_24' title="bbox 159 2910 1222 2992; baseline -0.003 -19"><span class='ocrx_word' id='word_1_200' title='bbox 159 2911 303 2992; x_wconf 84' lang='lat' dir='ltr'>exemplis</span> <span class='ocrx_word' id='word_1_201' title='bbox 329 2919 486 2992; x_wconf 91' lang='lat' dir='ltr'>praecepta</span> <span class='ocrx_word' id='word_1_202' title='bbox 514 2930 567 2972; x_wconf 87' lang='lat' dir='ltr'>sua</span> <span class='ocrx_word' id='word_1_203' title='bbox 595 2910 745 2972; x_wconf 87' lang='lat' dir='ltr'>illustrare</span> <span class='ocrx_word' id='word_1_204' title='bbox 767 2913 893 2972; x_wconf 86' lang='lat' dir='ltr'>maxime</span> <span class='ocrx_word' id='word_1_205' title='bbox 916 2911 1046 2979; x_wconf 89' lang='lat' dir='ltr'>studeat,</span> <span class='ocrx_word' id='word_1_206' title='bbox 1076 2929 1222 2991; x_wconf 86' lang='lat' dir='ltr'>nusquam</span> 
     </span>
     <span class='ocr_line' id='line_1_25' title="bbox 130 3012 1222 3094; baseline -0.002 -20"><span class='ocrx_word' id='word_1_207' title='bbox 130 3021 345 3083; x_wconf 89' lang='lat' dir='ltr'>nmenroretur,</span> <span class='ocrx_word' id='word_1_208' title='bbox 380 3020 447 3072; x_wconf 93' lang='lat' dir='ltr'>ante</span> <span class='ocrx_word' id='word_1_209' title='bbox 481 3031 581 3073; x_wconf 88' lang='lat' dir='ltr'>casum</span> <span class='ocrx_word' id='word_1_210' title='bbox 611 3012 694 3072; x_wconf 91' lang='lat' dir='ltr'>illum</span> <span class='ocrx_word' id='word_1_211' title='bbox 729 3015 962 3074; x_wconf 82' lang='lat' dir='ltr'>funestissimum</span> <span class='ocrx_word' id='word_1_212' title='bbox 990 3031 1095 3094; x_wconf 91' lang='lat' dir='ltr'>poema</span> <span class='ocrx_word' id='word_1_213' title='bbox 1124 3020 1222 3074; x_wconf 92' lang='lat' dir='ltr'>ortum</span> 
     </span>
     <span class='ocr_line' id='line_1_26' title="bbox 130 3111 1221 3195; baseline -0.002 -19"><span class='ocrx_word' id='word_1_214' title='bbox 130 3135 144 3176; x_wconf 91' lang='lat' dir='ltr'>e</span> <span class='ocrx_word' id='word_1_215' title='bbox 180 3117 292 3194; x_wconf 90' lang='lat' dir='ltr'>optimo</span> <span class='ocrx_word' id='word_1_216' title='bbox 325 3115 391 3175; x_wconf 89' lang='lat' dir='ltr'>iure</span> <span class='ocrx_word' id='word_1_217' title='bbox 424 3115 525 3174; x_wconf 89' lang='lat' dir='ltr'>statuit</span> <span class='ocrx_word' id='word_1_218' title='bbox 560 3112 597 3193; x_wconf 82' lang='lat' dir='ltr'>(p.</span> <span class='ocrx_word' id='word_1_219' title='bbox 621 3111 683 3195; x_wconf 82' lang='lat'><strong>35).</strong></span> <span class='ocrx_word' id='word_1_220' title='bbox 734 3124 822 3192; x_wconf 92' lang='lat' dir='ltr'>atque</span> <span class='ocrx_word' id='word_1_221' title='bbox 850 3116 928 3175; x_wconf 92' lang='lat' dir='ltr'>idem</span> <span class='ocrx_word' id='word_1_222' title='bbox 956 3134 1045 3194; x_wconf 90' lang='lat' dir='ltr'>posse</span> <span class='ocrx_word' id='word_1_223' title='bbox 1074 3113 1221 3175; x_wconf 90' lang='lat' dir='ltr'>Lucilium</span> 
     </span>
     <span class='ocr_line' id='line_1_27' title="bbox 130 3214 1221 3294; baseline 0.001 -22"><span class='ocrx_word' id='word_1_224' title='bbox 130 3223 233 3277; x_wconf 86' lang='lat' dir='ltr'>torem</span> <span class='ocrx_word' id='word_1_225' title='bbox 263 3217 323 3275; x_wconf 91' lang='lat' dir='ltr'>eius</span> <span class='ocrx_word' id='word_1_226' title='bbox 352 3233 417 3276; x_wconf 88' lang='lat' dir='ltr'>esse</span> <span class='ocrx_word' id='word_1_227' title='bbox 446 3216 609 3275; x_wconf 90' lang='lat' dir='ltr'>accuratius</span> <span class='ocrx_word' id='word_1_228' title='bbox 637 3235 671 3276; x_wconf 90' lang='lat' dir='ltr'>ac</span> <span class='ocrx_word' id='word_1_229' title='bbox 698 3215 873 3294; x_wconf 88' lang='lat' dir='ltr'>prudentius</span> <span class='ocrx_word' id='word_1_230' title='bbox 895 3214 1097 3276; x_wconf 89' lang='lat' dir='ltr'>Wernsdorlio</span> <span class='ocrx_word' id='word_1_231' title='bbox 1126 3223 1155 3275; x_wconf 92' lang='lat' dir='ltr'>et</span> <span class='ocrx_word' id='word_1_232' title='bbox 1177 3215 1221 3274; x_wconf 93' lang='lat' dir='ltr'>Ia·</span> 
     </span>
     <span class='ocr_line' id='line_1_28' title="bbox 130 3313 1220 3397; baseline 0.002 -23"><span class='ocrx_word' id='word_1_233' title='bbox 130 3337 153 3376; x_wconf 78' lang='grc' dir='ltr'>ιο</span> <span class='ocrx_word' id='word_1_234' title='bbox 184 3317 395 3377; x_wconf 83' lang='lat' dir='ltr'>demonstravit</span> <span class='ocrx_word' id='word_1_235' title='bbox 423 3316 461 3396; x_wconf 87' lang='lat' dir='ltr'>(p.</span> <span class='ocrx_word' id='word_1_236' title='bbox 485 3313 636 3397; x_wconf 72' lang='lat' dir='ltr'>32-3ttz</span> <span class='ocrx_word' id='word_1_237' title='bbox 666 3320 739 3379; x_wconf 89' lang='lat' dir='ltr'>certi</span> <span class='ocrx_word' id='word_1_238' title='bbox 768 3317 840 3378; x_wconf 90' lang='lat' dir='ltr'>nibil</span> <span class='ocrx_word' id='word_1_239' title='bbox 869 3317 1019 3377; x_wconf 80' lang='lat' dir='ltr'>adfirmari</span> <span class='ocrx_word' id='word_1_240' title='bbox 1046 3335 1133 3396; x_wconf 91' lang='lat' dir='ltr'>posse</span> <span class='ocrx_word' id='word_1_241' title='bbox 1161 3335 1220 3396; x_wconf 91' lang='lat' dir='ltr'>quo</span> 
     </span>
     <span class='ocr_line' id='line_1_29' title="bbox 129 3417 945 3498; baseline 0.001 -20"><span class='ocrx_word' id='word_1_242' title='bbox 129 3421 191 3479; x_wconf 86' lang='lat' dir='ltr'>itur</span> <span class='ocrx_word' id='word_1_243' title='bbox 215 3417 313 3479; x_wconf 90' lang='lat' dir='ltr'>sobrio</span> <span class='ocrx_word' id='word_1_244' title='bbox 335 3417 442 3480; x_wconf 88' lang='lat' dir='ltr'>iudicio</span> <span class='ocrx_word' id='word_1_245' title='bbox 466 3420 509 3477; x_wconf 90' lang='lat' dir='ltr'>vir</span> <span class='ocrx_word' id='word_1_246' title='bbox 532 3418 719 3480; x_wconf 89' lang='lat' dir='ltr'>doctissimus</span> <span class='ocrx_word' id='word_1_247' title='bbox 741 3419 805 3498; x_wconf 89' lang='lat' dir='ltr'>lpse</span> <span class='ocrx_word' id='word_1_248' title='bbox 827 3420 945 3480; x_wconf 89' lang='lat' dir='ltr'>latetur.</span> 
     </span>
    </p>
   </div>
   <div class='ocr_carea' id='block_1_4' title="bbox 0 0 1396 4778">
    <p class='ocr_par' dir='ltr' id='par_1_5' title="bbox 0 0 1396 4778">
     <span class='ocr_line' id='line_1_30' title="bbox 0 0 1396 4778; baseline 0 1"><span class='ocrx_word' id='word_1_249' title='bbox 0 0 1396 4778; x_wconf 95' lang='lat' dir='ltr'> </span> 
     </span>
    </p>
   </div>
  </div>
 </body>
</html>
