2820 4770
131 440 176 529 qis
197 442 227 501 in
251 440 300 503 [ol
326 437 381 500 14Υ
403 440 572 521 subscripta
594 441 682 503 haec:
716 443 835 521 Septem
857 445 932 503 Ioco
958 442 1121 505 quenalitt
1155 442 1255 522 Vlrpilir'
1293 460 1296 537 Ι

131 245 172 317 32
577 269 830 344 333133333333

21 623 23 626 y
130 545 267 603 Finiunt.
306 541 355 601 iol.
374 538 432 601 14ν
450 543 614 605 Octauiani
633 548 750 627 cesaris
765 541 914 627 anqustil
940 563 1045 607 rursus
1060 547 1099 605 de
1112 547 1254 612 laudando
1291 540 1296 577 ¹

131 661 169 703 oc
199 639 205 724 1
234 645 429 716 adfirmando
455 652 522 706 orte
547 648 665 719 uirpilii
693 644 697 726 Ι
721 653 939 723 postmortem
962 648 1042 707 illius
1063 645 1230 731 incipiuntl
1294 706 1296 711 .

133 745 257 818 Erqone
276 747 442 821 suprernis'
466 765 491 805 3.
515 766 543 825 q.
568 765 591 806 s.
617 746 728 826 (Burm.
753 746 778 806 11
806 743 872 825 184,
895 747 933 809 Μ.
957 743 1040 826 858).
1268 714 1296 825 -l

215 860 265 921 131.
294 859 349 923 lbr
376 865 523 925 ‘Carmen
552 869 728 926 tetrasticon
755 868 852 926 ouidii
871 868 993 925 nasonis
1015 866 1133 941 incipit.
1171 864 1255 936 933113

130 964 303 1023 bucolicis.
329 1010 335 1022 .
362 1011 368 1023 .
392 968 532 1026 carmina
554 965 631 1027 iru'
655 967 697 1047 (Β.
722 965 748 1025 ll
772 963 842 1026 189.
866 966 903 1026 Μ.
928 962 1012 1042 836).
1293 978 1296 1025 t

216 1080 328 1140 Deinde
351 1081 454 1143 litteris
477 1083 645 1143 maiusculis
669 1085 787 1143 ‘Publii
812 1084 933 1157 l‘irqilii
957 1084 961 1160 Ι
988 1085 1129 1144 Maronis
1149 1101 1253 1149 carmen

130 1184 284 1243 bucolicon
307 1186 337 1242 in
361 1201 419 1257 quo
454 1179 459 1266 Ι
495 1186 702 1245 tltcmocritarn
724 1187 799 1245 uicit
834 1186 839 1258 Ι
873 1186 980 1259 incipit
1001 1183 1139 1256 feliciter
1166 1182 1171 1263 Ι
1197 1188 1254 1246 dro-

130 1286 261 1343 moticon
285 1284 383 1355 MICt
407 1283 532 1344 TICON
550 1287 708 1346 meliboeus
735 1288 872 1362 tytirns'.
918 1293 1062 1345 secuntur
1083 1286 1216 1346 bucolico
1233 1298 1254 1349 ct

130 1385 275 1457 peorpicu
298 1383 451 1463 usquead
474 1381 581 1445 1494.

216 1501 248 1561 13
271 1501 341 1562 13113
366 1500 402 1562 lr
424 1502 547 1581 legitur:

334 1623 436 1682 Codex
455 1625 585 1698 patricii
613 1625 717 1682 Veneti
737 1624 896 1682 Bernordi
916 1622 1023 1681 Bernbi

334 1724 513 1797 Autiqssirne
533 1725 723 1798 antiquitatis
744 1724 891 1805 Reliquie.
1040 1707 1044 1714 ⁵

132 1837 239 1898 deinde
260 1845 329 1916 post
350 1838 492 1899 indicem:

215 1940 290 1998 Lusi
309 1941 343 1998 oi
369 1941 494 2014 Virottio
517 1943 550 2001 di
570 1944 714 2002 scritturo
736 1944 769 2001 di
789 1945 864 2001 mill'
888 1944 964 2002 onai
983 1951 1012 2001 et
1028 1940 1069 2014 fni
1085 1944 1136 2002 del
1149 1942 1251 2018 Bemlo,

132 2044 162 2100 in
178 2056 369 2117 perpurncnu
392 2044 422 2100 in
441 2041 543 2116 foqlio
564 2045 666 2117 tonqo.
711 2044 777 2102 Ful.
809 2044 874 2102 Vrs.

214 2158 268 2218 Est
290 2161 368 2217 33113
397 2157 445 2218 1113
468 2158 561 2219 codex
584 2179 641 2221 una
672 2179 738 2220 cum
767 2158 884 2220 schedis
906 2158 1027 2237 Vergilii
1054 2160 1199 2220 Vaticanis
1219 2160 1253 2239 [li]

132 2268 161 2319 et
183 2257 323 2319 Terentio
346 2258 490 2319 bembino
521 2279 556 2320 31
587 2260 762 2321 bibliotheca
786 2260 819 2320 P.
843 2259 945 2320 bembi
974 2260 1010 2318 ad
1033 2259 1168 2320 Fulvium
1188 2260 1253 2321 Ursi·

133 2378 202 2419 num
232 2359 361 2429 delatus,
391 2360 469 2419 unde
498 2362 527 2419 in
557 2359 766 2421 bibliothecam
790 2363 958 2421 Vaticanam
986 2361 1253 2438 11313311(31.1113

131 2459 197 2521 hius
220 2462 281 2521 Cat.
305 2480 334 2539 p.
357 2458 440 2541 336).
486 2461 612 2522 contulit
639 2482 707 2522 eum
735 2463 955 2523 accuratissime
978 2480 1056 2521 anno
1079 2456 1163 2522 1864
1182 2462 1253 2523 Care

131 2561 177 2621 lus
204 2561 440 2639 Zangemeister,
482 2565 566 2622 cuius
600 2564 707 2640 insigni
743 2561 910 2623 liberalitati
939 2571 968 2623 31
997 2561 1157 2623 badericus
1183 2561 1255 2623 debet
1283 2600 1286 2609 ·

133 2681 206 2741 quas
233 2663 264 2720 13
294 2661 556 2722 Weidmannianae
584 2663 722 2723 editionis
748 2681 773 2723 3.
799 2660 880 2724 1866
907 2665 1040 2740 margine
1068 2662 1191 2724 selectas
1216 2662 1253 2722 ad·

132 2765 232 2842 posuit
252 2763 416 2841 scripturas
440 2762 546 2840 (littera
570 2763 646 2823 Vah
667 2764 718 2823 illo
742 2767 879 2841 signatas)
898 2772 927 2824 et
950 2782 1004 2842 ego
1020 2765 1167 2842 integram
1182 2780 1253 2843 quan

133 2863 253 2923 exhibui
276 2863 503 2941 discrepantiam
527 2884 542 2924 3
566 2882 613 2924 313
635 2864 731 2925 1111313
747 2866 776 2923 Β
793 2872 932 2924 notatam.
970 2882 1026 2925 nec
1048 2865 1126 2941 sugit
1147 2881 1253 2925 acumen

132 2965 362 3041 Zangemeisteri
388 2963 466 3024 hunc
488 2966 583 3042 ipsum
608 2983 674 3025 esse
697 2983 785 3043 quem
807 2966 838 3024 13
861 2965 1047 3025 recensendo
1069 2965 1166 3027 culice
1188 2964 1253 3024 adhi-

133 3064 244 3126 buissel
271 3063 316 3123 vel
343 3083 415 3143 prae
443 3066 551 3125 ceteris
578 3063 753 3125 laudavisset
774 3065 879 3125 Petrus
902 3065 1039 3124 bembus.
1085 3065 1253 3144 (131131113-
1294 3130 1296 3149 ί

108 3166 199 3242 logo
226 3168 265 3225 de
285 3169 382 3227 culice
411 3168 531 3241 Virpilii
557 3165 640 3244 (Opp.
668 3165 694 3225 ll
715 3184 745 3244 p.
768 3162 808 3225 81
832 3184 895 3244 sqq.
921 3166 967 3224 ed.
990 3165 1090 3245 basil.)
1115 3167 1255 3245 Pomponii
1291 3154 1296 3245 ,²

132 3266 213 3326 laeti
237 3283 362 3344 persona
386 3284 456 3326 usus
479 3266 587 3326 librum
609 3250 722 3334 laudat,
746 3267 798 3341 qui
826 3267 1254 3347 ε113333331311131331133111,
1289 3248 1296 3329 ³}

132 3368 242 3446 (puppe
275 3368 323 3426 cui
350 3376 470 3445 praeter
496 3369 635 3428 iuuenilis
664 3368 732 3427 ludi
756 3369 887 3427 libellum
919 3373 948 3426 31
974 3365 1040 3426 illos
1067 3369 1256 3428 bucolicorum
1294 3382 1296 3391 ·

131 3484 281 3528 sermones
302 3468 338 3526 X
356 3476 386 3526 31
406 3471 616 3542 peorqicorurn
636 3470 731 3542 primi
750 3469 821 3527 libri
837 3474 958 3543 portem
981 3467 1054 3526 nihil
1076 3469 1257 3529 331313313-

131 3571 233 3648 persit.
279 3567 435 3647 complecti
462 3576 560 3627 autem
588 3567 725 3627 ‘ludum'
755 3565 934 3639 eademilla
962 3587 1037 3646 quae
1066 3570 1202 3629 novimus
1220 3587 1259 3629 se·

131 3679 211 3748 ptem
240 3671 370 3729 carmina
399 3669 468 3728 dicit
489 3671 614 3729 culicem
637 3670 723 3735 diros
744 3685 867 3744 copon,
892 3675 1017 3728 estnon
1038 3678 1082 3730 est
1106 3670 1206 3746 (immo
1224 3676 1262 3730 est

131 3770 261 3848 atrion),
284 3772 380 3830 uirum
402 3770 519 3842 bonurn,
532 3775 689 3829 ‘moretum
711 3785 808 3842 rosus,
834 3787 892 3827 non
914 3770 1012 3829 inesse
1027 3771 1164 3846 Priapeo
1184 3789 1212 3850 p.
1227 3766 1262 3830 83

131 3871 241 3931 diserte
264 3877 394 3929 testatur.
432 3870 531 3946 magni
553 3878 708 3946 praeterea
731 3870 873 3928 momenti
889 3871 1023 3949 estquod
1040 3871 1144 3931 culicis
1160 3890 1184 3930 v.
1198 3866 1262 3939 133,

48 3951 57 3965 ⁹
131 3989 220 4048 quem
242 3972 273 4029 13
294 3989 347 4030 suo
369 3970 471 4030 codice
494 3970 690 4029 vetustissimo
713 3987 772 4028 non
795 3967 899 4030 heberi
913 3977 1013 4030 narrat
1028 3970 1159 4031 Bembus
1172 3990 1200 4051 p.
1217 3967 1263 4040 96,

102 4118 105 4123 .
132 4074 220 4134 etiam
246 4071 277 4129 in
305 4071 399 4131 nostri
421 4071 450 4128 B
472 4076 553 4129 textu
582 4069 775 4130 desideratur.
820 4071 850 4129 in
878 4089 935 4148 quo
964 4073 1157 4150 reperiuntur
1184 4092 1265 4152 prae·

132 4185 212 4234 terea
244 4171 389 4250 plurimae
418 4170 522 4231 Berubi
550 4172 714 4250 scripturae
742 4173 873 4250 quamvis
900 4189 1006 4249 magna
1034 4191 1069 4233 ex
1097 4182 1183 4253 parte
1211 4192 1266 4235 333

131 4274 218 4335 huius
249 4275 335 4334 unius
361 4271 430 4332 libri
453 4270 608 4352 propriae,
638 4290 710 4349 quas
733 4274 783 4349 qui
807 4275 1020 4353 comparaverit
1043 4292 1102 4359 3311
1125 4275 1268 4337 dubitabit
