2820 4770
609 297 710 340 CAPUT
733 297 754 338 1.

288 472 381 524 victor
403 469 493 533 adest,
517 469 607 539 rnagni
631 461 757 540 magnum
781 466 863 522 decus
886 482 947 523 eece
970 467 1109 540 triumphi,

339 557 430 608 victor
452 569 476 607 e.
499 569 524 625 q.
548 570 570 607 s.

134 675 162 736 cl.
184 664 223 728 13.
248 662 298 726 16.
321 663 361 726 21
385 683 428 743 sq.
451 663 490 726 31
515 683 557 742 sq.
583 664 623 727 47
647 685 690 745 sq.
715 663 754 726 51
779 683 822 742 sq.
845 663 885 727 57
909 685 951 745 sq.
975 663 1011 727 6]
1039 684 1081 743 sq.

200 818 337 880 Similiter
359 818 525 897 Lygdamus
548 816 637 889 1114,
660 815 702 878 65
723 835 766 894 sq.

262 974 358 1014 saevus
381 957 464 1013 Amor
486 958 578 1015 docuit
600 957 701 1013 validos
724 965 858 1030 temptare
882 957 996 1018 labores,

313 1059 409 1098 saevus
431 1044 515 1097 Amor
537 1042 627 1098 docuit
649 1041 760 1098 verbera
783 1059 860 1097 saeva
883 1043 947 1115 pati.

135 1153 726 1237 cffiffimffimfflmffim

199 1308 305 1371 Similis
327 1309 415 1369 huius
437 1311 548 1387 figurae
570 1308 619 1369 illa
643 1320 700 1378 est,
726 1328 782 1388 qua
807 1327 840 1368 ex
865 1309 956 1370 altera
978 1309 1143 1369 hexametri
1167 1318 1250 1389 parte

136 1410 284 1478 vocabulum
305 1413 337 1470 in
359 1413 536 1490 pentametri
558 1412 644 1471 initio
667 1412 825 1489 repetitur:

136 1555 163 1613 13
181 1569 215 1624 sq.
258 1567 344 1624 pauca
367 1558 413 1607 tua
435 1553 461 1605 iu
485 1558 593 1606 nostras
616 1556 745 1605 venerunt
768 1553 899 1606 earmina
922 1550 1037 1611 chartas,

251 1693 253 1696 ,
313 1638 445 1692 carmina
467 1652 528 1691 cum
552 1634 653 1709 lingua,
677 1642 734 1690 tum
758 1633 812 1689 sale
835 1634 965 1707 Cecropio

89 1799 91 1819 2
134 1738 160 1798 cl.
178 1729 214 1794 39
231 1750 274 1811 sq.

134 1876 186 1932 tom
205 1858 369 1946 'Lygdamus
391 1867 431 1928 m
452 1865 482 1938 5,
508 1868 524 1928 1
555 1910 559 1918 .

413 2015 504 2062 manat
526 1992 595 2080 quae
618 2006 739 2063 lontibus
761 2009 852 2073 undo,

261 2093 340 2155 unda
362 2091 413 2148 suh
437 2093 567 2148 aestivum
590 2108 645 2148 non
668 2092 789 2148 adeunda
812 2092 918 2147 Canem.

133 2196 236 2302 denique
259 2241 328 2282 cum
351 2231 536 2300 pentametro
560 2224 616 2284 hoc
638 2220 680 2283 44

263 2370 315 2418 tam
338 2363 435 2436 procul
458 2364 511 2418 hoc
533 2363 618 2424 Latio,
644 2371 696 2419 tam
719 2363 813 2436 procul
837 2364 885 2418 hac
907 2365 993 2437 patria

133 2513 152 2591 (a
168 2529 219 2590 quo
241 2510 330 2589 paulo
353 2511 462 2573 distant
484 2511 738 2590 cetera'oxempla
762 2530 786 2570 v.
803 2509 832 2572 3.
858 2509 886 2571 7.
914 2508 960 2571 10.
984 2508 1036 2580 48,
1061 2511 1111 2571 ubi
1133 2510 1247 2589 singula

89 2658 91 2673 .
132 2615 154 2672 in
171 2610 355 2673 hemistichiis
377 2611 520 2673 vocabula
541 2611 737 2691 repetuntur),
762 2631 828 2673 cum
850 2612 900 2672 illo
924 2614 1013 2690 igitur
1034 2613 1249 2691 comparandus

133 2712 252 2792 Lygdami
274 2711 365 2784 1112,
391 2711 428 2774 17

261 2861 379 2909 maereat
401 2852 467 2909 haec
490 2869 605 2926 genero,
629 2862 746 2909 maereat
769 2853 813 2910 illa
835 2855 902 2909 viro.

196 2999 229 3060 Et
252 3003 392 3079 quoniam
420 3019 497 3061 anno
515 2993 580 3061 Ι711
610 3004 722 3080 pariter
751 3009 783 3061 ut
807 3002 928 3062 Ovidius
957 3009 1042 3061 natus
1072 3006 1114 3061 est
1136 3000 1248 3081 Lygda-

133 3120 192 3170 mus,
218 3100 322 3162 horum
352 3101 503 3179 aequalem
528 3102 656 3180 aliquem
679 3102 897 3163 adulescentem
920 3103 1048 3163 sedecim
1071 3102 1134 3162 lere
1156 3121 1248 3162 anno·

133 3221 194 3272 rum,
221 3203 324 3264 eadem
355 3210 387 3262 ut
413 3203 456 3263 illi
486 3204 639 3281 disciplina
668 3204 804 3265 inbutum
834 3204 956 3282 elegiam
986 3210 1117 3264 nostram
1148 3204 1247 3264 condi-

133 3304 192 3364 disse
206 3306 392 3375 coniecerim,
410 3323 465 3365 nec
478 3304 565 3365 video
581 3324 698 3366 causam
715 3278 788 3375 esse,
812 3324 864 3365 cur
881 3324 939 3366 nou
954 3307 1050 3385 ipsum
1067 3304 1247 3383 Lygdamum

134 3412 258 3466 auctorem
283 3406 455 3468 habeamus.
500 3425 588 3486 quem
619 3409 750 3467 stanno
778 3404 840 3468 723
873 3424 998 3486 puerum
1021 3406 1073 3466 Xll
1101 3426 1247 3468 annorum

133 3505 204 3567 multo
224 3507 353 3568 rudioris
374 3509 445 3568 artis
461 3509 611 3586 specimen
627 3510 839 3588 panegyricum
855 3508 890 3568 ad
906 3506 1080 3577 Messallam,
1104 3510 1154 3587 qui
1170 3511 1248 3569 inter

133 3605 275 3669 libulliana
298 3609 429 3668 carmina
453 3607 499 3687 (lV
523 3607 549 3686 1)
573 3608 709 3669 inlibris
733 3608 842 3669 relatus
865 3616 925 3678 est,
955 3609 1117 3669 edolavisse
1140 3609 1247 3688 proba·

135 3705 209 3768 biliter
229 3709 436 3770 Lachmannus
464 3708 532 3769 olim
563 3712 676 3779 statuit,
705 3709 798 3771 multo
821 3717 901 3771 certe
925 3711 1047 3789 propius
1070 3711 1105 3770 ad
1130 3710 1247 3790 elegan-

134 3808 185 3868 tiam
205 3811 278 3880 eius,
308 3811 389 3871 cuius
411 3811 441 3869 in
465 3809 698 3871 Tibullianorum
726 3811 860 3871 codicum
883 3810 959 3871 libro
982 3810 1021 3870 111
1044 3811 1152 3889 elegias
1175 3812 1246 3890 legi-

136 3926 191 3978 mus,
210 3919 307 3972 nostra
331 3912 451 3972 accedit.

198 4011 272 4072 lntra
303 4030 448 4073 annonam
476 4014 567 4090 igitur
589 4010 649 4073 711
674 4022 702 4074 et
725 4009 784 4073 727
809 4010 938 4073 131736
965 4015 1108 4074 terminos
1135 4012 1247 4074 includi

137 4111 271 4173 catalecton
304 4114 514 4192 epigrammata
543 4122 572 4173 et
601 4114 711 4191 elegeia
741 4121 769 4173 et
803 4113 944 4194 pleraque
977 4122 1021 4175 sat
1054 4113 1246 4192 probabiliter

138 4211 239 4290 Vergilio
266 4214 371 4285 tribui,
402 4225 498 4275 cetera
528 4234 563 4275 ex
587 4215 765 4292 collegarum
797 4224 878 4275 certo
901 4217 1051 4275 communi
1074 4222 1158 4275 coetu
1183 4223 1245 4274 orla

139 4312 223 4389 rideri,
252 4314 326 4376 hanc
354 4326 451 4378 autem
480 4315 611 4397 syllogen
636 4316 739 4378 Caesio
763 4318 853 4377 Basso
883 4324 911 4376 et
938 4315 1117 4387 Quintiliano
1147 4325 1245 4378 notam
1318 4383 1322 4392 ,
