2820 4770
212 287 249 332 Vl
684 281 892 328 PRAEFATIO.

184 477 187 485 ·
212 462 287 534 unt,
309 462 346 518 ut
369 451 458 538 quod
479 450 600 516 addam
621 449 702 515 nihil
724 449 874 515 habeam.
906 473 946 513 ne
968 449 1025 513 illa
1046 450 1188 536 quidem,
1212 474 1295 538 quae
1310 474 1355 515 ex

213 555 285 620 aliis
309 552 436 618 duobus
459 551 628 618 codicibus
650 551 868 618 bibliothecae
889 553 999 634 regiae
1014 551 1183 616 Parisinae
1206 553 1353 637 (117927

213 665 245 721 et
267 654 364 739 7936)
392 651 479 718 idem
507 653 686 738 excerpsit,
716 650 793 718 novi
822 652 1000 738 quidquam
1027 653 1204 739 praebent,
1232 653 1355 740 quippe

212 779 296 842 quae
317 755 506 841 plerumque
527 777 673 819 meorum
695 759 738 817 Zl
758 754 946 819 testimonia
967 762 1149 839 repetant..
1170 763 1284 820 eontra
1306 754 1355 817 di·

213 868 299 923 serte
325 856 464 942 ubique,
498 877 659 940 nusquam
687 877 746 942 per
781 854 946 919 silentium
973 855 1117 920 indicavi
1145 855 1173 918 si
1203 854 1283 941 quid
1311 877 1355 918 ex

212 958 350 1024 aliorum
370 957 510 1038 horreis,
532 979 572 1020 ne
595 956 638 1021 ad
659 955 789 1041 plenam
810 956 1002 1020 memoriam
1025 956 1276 1037 desideraretur,
1300 955 1355 1019 dc-

212 1062 366 1147 prompsi.
396 1081 472 1123 nam
494 1059 625 1142 integra
646 1066 799 1122 excutere
821 1078 881 1122 nec
902 1056 1007 1138 volui,
1029 1058 1146 1143 quibus
1162 1054 1356 1143 plerumque

212 1163 316 1226 careri
349 1168 476 1246 posset,
510 1180 570 1222 nee
598 1165 704 1223 tutum
732 1167 811 1222 erat.
856 1180 956 1221 unum
988 1160 1023 1222 in
1054 1158 1150 1222 huius
1178 1157 1356 1224 voluminis

212 1261 450 1349 prolegomenis
479 1260 576 1326 video
604 1259 693 1345 quod
728 1260 954 1324 excusandum
987 1260 1041 1324 sit.
1085 1283 1160 1323 nam
1193 1259 1356 1344 quaedam

213 1363 361 1428 codicum
391 1371 544 1447 excerpta
572 1383 645 1426 cum
672 1361 794 1447 partim
821 1362 892 1445 ipse
915 1359 1050 1425 fecerim
1071 1362 1192 1446 partim
1215 1361 1256 1425 ab
1279 1359 1356 1424 aliis

212 1462 393 1548 acceperim
419 1471 593 1548 postquam
619 1458 850 1546 prolegomena
878 1484 943 1526 non
976 1462 1092 1547 scripsi
1121 1471 1265 1544 tantum,
1300 1464 1358 1525 sed

213 1563 394 1652 typothetis
411 1564 508 1627 etiam
523 1561 659 1642 tradidi,
683 1583 789 1647 pauca
803 1563 837 1626 in
859 1562 910 1634 his
932 1561 1042 1648 paullo
1065 1564 1171 1627 minus
1192 1562 1246 1629 vel
1260 1563 1359 1649 plene

212 1665 265 1731 vel
292 1674 444 1729 accurate
474 1665 514 1728 de
541 1663 700 1728 librorum
727 1663 897 1749 scripturis
926 1672 1058 1728 enotata
1086 1665 1243 1749 reperies,
1272 1687 1358 1750 quae

213 1775 401 1851 comparato
427 1766 499 1851 ipso
523 1765 634 1829 variae
656 1763 804 1828 lectionis
831 1787 919 1850 penu
939 1762 1038 1830 facile
1059 1764 1112 1829 vel
1136 1764 1280 1851 suppleri
1302 1763 1359 1830 vel

215 1867 335 1951 corrigi
357 1867 497 1951 possint.
541 1867 612 1951 ipse
640 1864 782 1950 plagulis
811 1865 923 1931 sedulo
952 1865 1178 1931 examinandis
1201 1890 1285 1953 quae
1309 1866 1389 1932 of-¹

213 1968 305 2033 fendi
328 1967 371 2031 ad
394 1965 516 2031 calcem
537 1966 633 2056 buius
656 1965 732 2031 libri
754 1969 933 2053 composui.

299 2069 366 2134 Sed
387 2077 562 2154 antequam
576 2076 693 2152 poetae
708 2068 809 2132 trium
824 2067 1002 2134 lustrorum
1024 2067 1130 2133 sodali
1151 2069 1225 2134 vale
1249 2068 1361 2132 dicam

213 2171 257 2236 ad
275 2176 548 2250 proleyomena
569 2191 652 2254 quae
668 2158 836 2255 superiore
859 2192 944 2234 anno
961 2169 1155 2256 prodierunt
1177 2171 1361 2256 respiciens

214 2273 357 2336 sarcinas
380 2271 582 2352 exonerabo,
606 2291 690 2356 quae
711 2270 956 2354 perlustraturis
986 2269 1044 2336 illa
1072 2271 1203 2356 cognitu
1236 2272 1361 2355 dignae

215 2373 321 2440 videri
342 2371 482 2458 possint.

298 2474 349 2537 Ae
362 2472 502 2558 primum
517 2472 606 2557 quod
627 2472 661 2536 in
683 2471 829 2558 prolegg.
845 2475 950 2559 praef.
965 2496 997 2559 p.
1014 2473 1119 2537 XXX
1141 2475 1211 2538 dixi
1233 2475 1364 2543 frustra

214 2598 265 2640 me
281 2583 471 2661 expectasse
486 2578 571 2637 Med
577 2579 589 2638 i
593 2580 653 2638 cei
669 2579 783 2639 codicis
797 2575 961 2660 specimen
976 2575 1193 2661 photographi
1207 2585 1279 2641 arte
1302 2601 1363 2641 ex·

214 2699 364 2764 pressum
392 2698 463 2740 sero
491 2684 602 2740 tamen
629 2697 739 2740 mense
761 2677 930 2760 praeteriti
951 2677 1030 2740 anni
1051 2677 1227 2741 Decembri
1243 2677 1364 2741 ⁴medio

215 2778 383 2844 Florentia
394 2775 474 2840 mihi
491 2775 673 2842 transmisit
690 2780 1094 2860 TheodorusHeysiuS,
1113 2779 1259 2844 scribens
1271 2778 1363 2844 litte-

214 2880 260 2944 ris
271 2879 476 2945 amicissimis
489 2900 524 2942 se
535 2899 638 2963 usque
649 2877 823 2943 retinuisse
839 2878 1035 2960 schedulam,
1048 2878 1136 2964 quod
1146 2901 1207 2945 nec
1220 2880 1286 2965 ipsi
1297 2903 1364 2946 nec

214 2981 333 3047 artifici
354 2982 412 3066 qui
433 2988 608 3064 exceperat
629 2979 711 3044 satis
733 2979 876 3044 fecis'set.
914 2990 946 3046 et
969 2980 1145 3046 dolendum
1168 3004 1246 3046 sane
1268 2983 1371 3068 quod'

217 3083 378 3169 quaedam
400 3083 435 3145 in
456 3101 495 3145 ea
515 3077 569 3145 vel
589 3088 774 3167 temporum
793 3081 846 3147 vel
867 3080 998 3146 luminis
1021 3083 1142 3146 iniuria
1170 3082 1252 3148 adeo
1282 3106 1363 3149 eva-

179 3266 185 3273 ,
215 3192 372 3265 nuerunt,
395 3191 434 3247 ut
454 3204 495 3246 ne
515 3181 723 3246 instrumenti
738 3182 869 3268 quidem
890 3206 952 3267 ope
975 3183 1079 3247 adiuti
1101 3183 1186 3248 oculi
1207 3186 1362 3249 umbram

216 3307 329 3351 eorum
355 3283 511 3370 redipisci
539 3282 677 3370 possint.
721 3282 808 3369 quod
835 3284 978 3348 maxime
1006 3284 1051 3349 de
1069 3286 1181 3351 verbis
1209 3287 1244 3349 in
1266 3286 1362 3350 exitu

217 3385 454 3452 versiculorum
476 3385 592 3471 positis
614 3386 717 3450 valet:
741 3407 819 3450 nam
839 3407 972 3472 prorsus
989 3395 1192 3451 evanuerunt
1212 3387 1246 3450 in
1268 3411 1300 3451 v.
1320 3388 1361 3451 10

215 3487 364 3573 margine
397 3485 585 3572 adpositum
613 3503 769 3550 PRETIVM
797 3487 1008 3573 (quamquam
1037 3497 1149 3552 ¹extare
1181 3488 1217 3551 in
1248 3489 1361 3553 codice

192 3611 303 3653 Jnunc
331 3588 430 3654 etiam
456 3605 590 3652 unrlvu
618 3589 757 3653 evanida
784 3587 853 3652 sola
872 3606 894 3650 P
920 3597 1061 3654 testatur
1080 3591 1240 3674 Heysius),
1269 3597 1303 3654 'et
1325 3591 1360 3652 in

217 3690 372 3756 extremis
396 3712 429 3753 v.
453 3690 492 3754 12
520 3701 621 3771 ores,
648 3713 680 3754 v.
705 3690 745 3753 14
770 3701 915 3754 aramus
936 3689 1113 3773 vocabula3
1137 3691 1217 3754 item
1237 3691 1273 3753 in
1287 3692 1358 3755 v.8

215 3791 324 3857 ultimi
350 3791 504 3857 vocabuli
533 3791 615 3856 duas
643 3800 770 3856 tanturn
805 3792 931 3856 litteras
961 3807 1007 3855 ou
1034 3791 1169 3875 agnovi:
1206 3791 1264 3855 sed
1294 3791 1357 3856 ela·

215 3895 335 3958 riorem
367 3897 521 3978 umquam
553 3892 649 3957 huius
687 3893 828 3979 paginae
861 3893 1003 3978 speeiem
1039 3892 1099 3956 soli
1132 3895 1358 3978 apparituram

216 4016 286 4059 esse
314 4015 386 4058 cum
415 4015 491 4080 spes
517 3993 608 4057 nulla
635 3995 694 4076 sit,
722 4016 806 4080 quae
834 4003 965 4058 strenue
992 4002 1163 4058 conantem
1196 3994 1357 4060 artificem

216 4094 394 4161 identidem
414 4093 582 4179 fefellerit,
605 4116 742 4180 cumque
761 4094 916 4182 pleraque
932 4094 1047 4160 saltem
1069 4096 1180 4162 vivam
1202 4097 1357 4182 antiquae

216 4197 398 4283 scripturae
418 4197 594 4282 imaginem
615 4196 769 4279 reddant,
801 4219 884 4283 quae
912 4197 1108 4280 benignitati
1130 4198 1227 4260 amici
1250 4198 1356 4263 debeo

216 4299 293 4364 lieet
319 4298 437 4383 partim
462 4298 536 4383 ipsa
561 4298 702 4364 obscura
728 4307 838 4364 tamen
864 4301 899 4363 in
924 4298 1030 4363 lucem
1058 4298 1255 4384 proferenda
1282 4320 1357 4364 esse
