<?xml version="1.0" encoding="UTF-8"?>
<!DOCTYPE html PUBLIC "-//W3C//DTD XHTML 1.0 Transitional//EN"
    "http://www.w3.org/TR/xhtml1/DTD/xhtml1-transitional.dtd">
<html xmlns="http://www.w3.org/1999/xhtml" xml:lang="en" lang="en">
 <head>
  <title>
</title>
<meta http-equiv="Content-Type" content="text/html;charset=utf-8" />
  <meta name='ocr-system' content='tesseract 3.04.00' />
  <meta name='ocr-capabilities' content='ocr_page ocr_carea ocr_par ocr_line ocrx_word'/>
</head>
<body>
  <div class='ocr_page' id='page_1' title='image "./opera07virggoog_0017.png"; bbox 0 0 2820 4770; ppageno 0'>
   <div class='ocr_carea' id='block_1_1' title="bbox 224 274 881 324">
    <p class='ocr_par' dir='ltr' id='par_1_1' title="bbox 224 274 881 324">
     <span class='ocr_line' id='line_1_1' title="bbox 224 274 881 324; baseline -0.011 5"><span class='ocrx_word' id='word_1_1' title='bbox 224 274 247 319; x_wconf 76' lang='lat' dir='ltr'>X</span> <span class='ocrx_word' id='word_1_2' title='bbox 376 299 379 306; x_wconf 66' lang='lat'><strong>¹</strong></span> <span class='ocrx_word' id='word_1_3' title='bbox 670 274 881 324; x_wconf 74' lang='lat' dir='ltr'><strong>PRAEFATIO.</strong></span> 
     </span>
    </p>
   </div>
   <div class='ocr_carea' id='block_1_2' title="bbox 218 444 1408 4393">
    <p class='ocr_par' dir='ltr' id='par_1_2' title="bbox 219 444 1366 1953">
     <span class='ocr_line' id='line_1_2' title="bbox 219 444 1365 527; baseline -0.002 -21"><span class='ocrx_word' id='word_1_4' title='bbox 219 465 335 507; x_wconf 91' lang='lat' dir='ltr'><strong>norum</strong></span> <span class='ocrx_word' id='word_1_5' title='bbox 362 444 648 527; x_wconf 87' lang='lat' dir='ltr'><strong>grammaticorum</strong></span> <span class='ocrx_word' id='word_1_6' title='bbox 676 445 909 510; x_wconf 89' lang='lat' dir='ltr'><strong>consuetudine</strong></span> <span class='ocrx_word' id='word_1_7' title='bbox 937 444 1036 509; x_wconf 91' lang='lat' dir='ltr'><strong>etiam</strong></span> <span class='ocrx_word' id='word_1_8' title='bbox 1057 453 1258 524; x_wconf 82' lang='lat' dir='ltr'><strong>moneretur,</strong></span> <span class='ocrx_word' id='word_1_9' title='bbox 1282 463 1365 527; x_wconf 90' lang='lat' dir='ltr'><strong>quos</strong></span> 
     </span>
     <span class='ocr_line' id='line_1_3' title="bbox 221 544 1364 634; baseline -0.002 -26"><span class='ocrx_word' id='word_1_10' title='bbox 221 566 398 631; x_wconf 81' lang='lat' dir='ltr'><strong>usurpasse</strong></span> <span class='ocrx_word' id='word_1_11' title='bbox 424 567 542 609; x_wconf 83' lang='lat' dir='ltr'><strong>omncs·</strong></span> <span class='ocrx_word' id='word_1_12' title='bbox 562 544 635 611; x_wconf 90' lang='lat' dir='ltr'><strong>illas</strong></span> <span class='ocrx_word' id='word_1_13' title='bbox 663 547 728 610; x_wconf 93' lang='lat' dir='ltr'><strong>iam</strong></span> <span class='ocrx_word' id='word_1_14' title='bbox 752 569 852 634; x_wconf 89' lang='lat' dir='ltr'><strong>supra</strong></span> <span class='ocrx_word' id='word_1_15' title='bbox 872 556 1048 611; x_wconf 65' lang='lat' dir='ltr'><strong>narratum*</strong></span> <span class='ocrx_word' id='word_1_16' title='bbox 1064 545 1172 609; x_wconf 82' lang='lat' dir='ltr'><strong>esset?</strong></span> <span class='ocrx_word' id='word_1_17' title='bbox 1217 553 1364 609; x_wconf 89' lang='lat' dir='ltr'><strong>ceterum</strong></span> 
     </span>
     <span class='ocr_line' id='line_1_4' title="bbox 221 645 1361 734; baseline -0.001 -25"><span class='ocrx_word' id='word_1_18' title='bbox 221 668 287 711; x_wconf 90' lang='lat' dir='ltr'><strong>non</strong></span> <span class='ocrx_word' id='word_1_19' title='bbox 319 645 484 729; x_wconf 87' lang='lat' dir='ltr'><strong>integrum</strong></span> <span class='ocrx_word' id='word_1_20' title='bbox 517 646 682 730; x_wconf 86' lang='lat' dir='ltr'><strong>Suetonii,</strong></span> <span class='ocrx_word' id='word_1_21' title='bbox 719 647 778 713; x_wconf 90' lang='lat' dir='ltr'><strong>sed</strong></span> <span class='ocrx_word' id='word_1_22' title='bbox 809 649 928 734; x_wconf 92' lang='lat' dir='ltr'><strong>partim</strong></span> <span class='ocrx_word' id='word_1_23' title='bbox 961 648 995 710; x_wconf 94' lang='lat' dir='ltr'><strong>in</strong></span> <span class='ocrx_word' id='word_1_24' title='bbox 1027 647 1128 712; x_wconf 90' lang='lat' dir='ltr'><strong>breve</strong></span> <span class='ocrx_word' id='word_1_25' title='bbox 1156 655 1361 711; x_wconf 90' lang='lat' dir='ltr'><strong>contractum</strong></span> 
     </span>
     <span class='ocr_line' id='line_1_5' title="bbox 221 746 1363 834; baseline 0 -24"><span class='ocrx_word' id='word_1_26' title='bbox 221 746 519 813; x_wconf 83' lang='lat' dir='ltr'><strong>commentariolum</strong></span> <span class='ocrx_word' id='word_1_27' title='bbox 541 749 638 814; x_wconf 91' lang='lat' dir='ltr'><strong>hodie</strong></span> <span class='ocrx_word' id='word_1_28' title='bbox 661 758 774 814; x_wconf 86' lang='lat' dir='ltr'><strong>extare</strong></span> <span class='ocrx_word' id='word_1_29' title='bbox 796 749 892 816; x_wconf 87' lang='lat' dir='ltr'><strong>valde</strong></span> <span class='ocrx_word' id='word_1_30' title='bbox 921 746 1091 834; x_wconf 88' lang='lat' dir='ltr'><strong>probabile</strong></span> <span class='ocrx_word' id='word_1_31' title='bbox 1114 746 1169 811; x_wconf 90' lang='lat' dir='ltr'><strong>vel</strong></span> <span class='ocrx_word' id='word_1_32' title='bbox 1191 769 1228 813; x_wconf 95' lang='lat' dir='ltr'><strong>eo</strong></span> <span class='ocrx_word' id='word_1_33' title='bbox 1252 747 1363 812; x_wconf 90' lang='lat' dir='ltr'><strong>reddi·</strong></span> 
     </span>
     <span class='ocr_line' id='line_1_6' title="bbox 221 848 1362 938; baseline -0.001 -25"><span class='ocrx_word' id='word_1_34' title='bbox 221 857 290 928; x_wconf 89' lang='lat' dir='ltr'><strong>tur,</strong></span> <span class='ocrx_word' id='word_1_35' title='bbox 313 848 402 934; x_wconf 89' lang='lat' dir='ltr'><strong>quod</strong></span> <span class='ocrx_word' id='word_1_36' title='bbox 425 849 466 914; x_wconf 90' lang='lat' dir='ltr'><strong>de</strong></span> <span class='ocrx_word' id='word_1_37' title='bbox 488 852 582 916; x_wconf 87' lang='lat' dir='ltr'><strong>varia</strong></span> <span class='ocrx_word' id='word_1_38' title='bbox 604 852 822 935; x_wconf 89' lang='lat' dir='ltr'><strong>antisigmatis</strong></span> <span class='ocrx_word' id='word_1_39' title='bbox 839 850 926 938; x_wconf 90' lang='lat' dir='ltr'><strong>apud</strong></span> <span class='ocrx_word' id='word_1_40' title='bbox 942 848 1086 914; x_wconf 80' lang='lat' dir='ltr'><strong>Graecos</strong></span> <span class='ocrx_word' id='word_1_41' title='bbox 1103 850 1138 915; x_wconf 87' lang='lat' dir='ltr'><strong>vi</strong></span> <span class='ocrx_word' id='word_1_42' title='bbox 1160 871 1200 912; x_wconf 90' lang='lat' dir='ltr'><strong>ne</strong></span> <span class='ocrx_word' id='word_1_43' title='bbox 1222 849 1362 914; x_wconf 87' lang='lat' dir='ltr'><strong>verbum</strong></span> 
     </span>
     <span class='ocr_line' id='line_1_7' title="bbox 220 934 1363 1038; baseline 0 -24"><span class='ocrx_word' id='word_1_44' title='bbox 220 947 351 1034; x_wconf 89' lang='lat' dir='ltr'><strong>quidem</strong></span> <span class='ocrx_word' id='word_1_45' title='bbox 373 951 497 1016; x_wconf 87' lang='lat' dir='ltr'><strong>factum</strong></span> <span class='ocrx_word' id='word_1_46' title='bbox 520 961 570 1017; x_wconf 88' lang='lat' dir='ltr'><strong>est</strong></span> <span class='ocrx_word' id='word_1_47' title='bbox 591 963 689 1038; x_wconf 90' lang='lat' dir='ltr'><strong>atque</strong></span> <span class='ocrx_word' id='word_1_48' title='bbox 705 953 875 1038; x_wconf 86' lang='lat' dir='ltr'><strong>sequentia</strong></span> <span class='ocrx_word' id='word_1_49' title='bbox 889 973 1017 1038; x_wconf 90' lang='lat' dir='ltr'><strong>quoque</strong></span> <span class='ocrx_word' id='word_1_50' title='bbox 1039 949 1141 1016; x_wconf 93' lang='lat' dir='ltr'><strong>multo</strong></span> <span class='ocrx_word' id='word_1_51' title='bbox 1158 972 1256 1036; x_wconf 87' lang='lat' dir='ltr'><strong>quam</strong></span> <span class='ocrx_word' id='word_1_52' title='bbox 1271 934 1363 1014; x_wconf 82' lang='lat' dir='ltr'><strong>ante-</strong></span> 
     </span>
     <span class='ocr_line' id='line_1_8' title="bbox 220 1051 1363 1142; baseline -0.001 -26"><span class='ocrx_word' id='word_1_53' title='bbox 220 1051 371 1117; x_wconf 86' lang='lat' dir='ltr'><strong>cedentia</strong></span> <span class='ocrx_word' id='word_1_54' title='bbox 398 1052 536 1118; x_wconf 88' lang='lat' dir='ltr'><strong>exiliora</strong></span> <span class='ocrx_word' id='word_1_55' title='bbox 563 1063 640 1119; x_wconf 92' lang='lat' dir='ltr'><strong>sunt</strong></span> <span class='ocrx_word' id='word_1_56' title='bbox 668 1055 819 1142; x_wconf 88' lang='lat' dir='ltr'><strong>omnique</strong></span> <span class='ocrx_word' id='word_1_57' title='bbox 849 1054 1052 1119; x_wconf 80' lang='lat' dir='ltr'><strong>Graecorum</strong></span> <span class='ocrx_word' id='word_1_58' title='bbox 1073 1051 1363 1137; x_wconf 85' lang='lat' dir='ltr'><strong>grammaticorum</strong></span> 
     </span>
     <span class='ocr_line' id='line_1_9' title="bbox 220 1154 1361 1241; baseline 0 -23"><span class='ocrx_word' id='word_1_59' title='bbox 220 1155 525 1219; x_wconf 84' lang='lat' dir='ltr'><strong>commemoratione</strong></span> <span class='ocrx_word' id='word_1_60' title='bbox 551 1165 673 1222; x_wconf 90' lang='lat' dir='ltr'><strong>carent.</strong></span> <span class='ocrx_word' id='word_1_61' title='bbox 718 1156 936 1241; x_wconf 88' lang='lat' dir='ltr'><strong>antisigmatis</strong></span> <span class='ocrx_word' id='word_1_62' title='bbox 959 1177 1037 1221; x_wconf 87' lang='lat' dir='ltr'><strong>vero</strong></span> <span class='ocrx_word' id='word_1_63' title='bbox 1067 1175 1142 1218; x_wconf 93' lang='lat' dir='ltr'><strong>cum</strong></span> <span class='ocrx_word' id='word_1_64' title='bbox 1164 1162 1283 1240; x_wconf 91' lang='lat' dir='ltr'><strong>puncto</strong></span> <span class='ocrx_word' id='word_1_65' title='bbox 1308 1154 1361 1217; x_wconf 91' lang='lat' dir='ltr'><strong>de·</strong></span> 
     </span>
     <span class='ocr_line' id='line_1_10' title="bbox 220 1253 1365 1344; baseline -0.003 -24"><span class='ocrx_word' id='word_1_66' title='bbox 220 1256 400 1321; x_wconf 86' lang='lat' dir='ltr'><strong>finitionem</strong></span> <span class='ocrx_word' id='word_1_67' title='bbox 421 1266 532 1322; x_wconf 91' lang='lat' dir='ltr'><strong>utrum</strong></span> <span class='ocrx_word' id='word_1_68' title='bbox 554 1279 615 1342; x_wconf 89' lang='lat' dir='ltr'><strong>ego</strong></span> <span class='ocrx_word' id='word_1_69' title='bbox 638 1259 741 1324; x_wconf 89' lang='lat' dir='ltr'><strong>verba</strong></span> <span class='ocrx_word' id='word_1_70' title='bbox 763 1257 889 1344; x_wconf 92' lang='lat' dir='ltr'><strong>antiqui</strong></span> <span class='ocrx_word' id='word_1_71' title='bbox 911 1259 1003 1323; x_wconf 90' lang='lat' dir='ltr'><strong>testis</strong></span> <span class='ocrx_word' id='word_1_72' title='bbox 1026 1257 1124 1342; x_wconf 89' lang='lat' dir='ltr'><strong>plana</strong></span> <span class='ocrx_word' id='word_1_73' title='bbox 1146 1264 1179 1320; x_wconf 90' lang='lat' dir='ltr'><strong>et</strong></span> <span class='ocrx_word' id='word_1_74' title='bbox 1200 1253 1365 1340; x_wconf 88' lang='lat' dir='ltr'><strong>simplicia</strong></span> 
     </span>
     <span class='ocr_line' id='line_1_11' title="bbox 221 1357 1364 1447; baseline -0.003 -25"><span class='ocrx_word' id='word_1_75' title='bbox 221 1367 351 1422; x_wconf 89' lang='lat' dir='ltr'><strong>secutus</strong></span> <span class='ocrx_word' id='word_1_76' title='bbox 374 1358 537 1423; x_wconf 89' lang='lat' dir='ltr'><strong>veriorem</strong></span> <span class='ocrx_word' id='word_1_77' title='bbox 558 1361 783 1447; x_wconf 87' lang='lat' dir='ltr'><strong>proposuerim</strong></span> <span class='ocrx_word' id='word_1_78' title='bbox 805 1381 848 1424; x_wconf 88' lang='lat' dir='ltr'><strong>an</strong></span> <span class='ocrx_word' id='word_1_79' title='bbox 862 1359 1004 1439; x_wconf 88' lang='lat' dir='ltr'><strong>Riesius‚</strong></span> <span class='ocrx_word' id='word_1_80' title='bbox 1028 1357 1085 1422; x_wconf 91' lang='lat' dir='ltr'><strong>alii</strong></span> <span class='ocrx_word' id='word_1_81' title='bbox 1107 1357 1230 1422; x_wconf 90' lang='lat' dir='ltr'><strong>iudices</strong></span> <span class='ocrx_word' id='word_1_82' title='bbox 1254 1364 1364 1420; x_wconf 92' lang='lat' dir='ltr'><strong>sunto.</strong></span> 
     </span>
     <span class='ocr_line' id='line_1_12' title="bbox 219 1457 1363 1547; baseline -0.001 -24"><span class='ocrx_word' id='word_1_83' title='bbox 219 1458 299 1523; x_wconf 94' lang='lat' dir='ltr'><strong>mihi</strong></span> <span class='ocrx_word' id='word_1_84' title='bbox 321 1480 386 1522; x_wconf 93' lang='lat' dir='ltr'><strong>non</strong></span> <span class='ocrx_word' id='word_1_85' title='bbox 408 1462 571 1544; x_wconf 88' lang='lat' dir='ltr'><strong>persuasit</strong></span> <span class='ocrx_word' id='word_1_86' title='bbox 592 1462 649 1547; x_wconf 92' lang='lat' dir='ltr'><strong>qui</strong></span> <span class='ocrx_word' id='word_1_87' title='bbox 670 1469 768 1547; x_wconf 91' lang='lat' dir='ltr'><strong>prout</strong></span> <span class='ocrx_word' id='word_1_88' title='bbox 789 1460 880 1526; x_wconf 91' lang='lat' dir='ltr'><strong>lubet</strong></span> <span class='ocrx_word' id='word_1_89' title='bbox 902 1458 1041 1547; x_wconf 89' lang='lat' dir='ltr'><strong>quodvis</strong></span> <span class='ocrx_word' id='word_1_90' title='bbox 1065 1457 1230 1523; x_wconf 89' lang='lat' dir='ltr'><strong>silentium</strong></span> <span class='ocrx_word' id='word_1_91' title='bbox 1251 1465 1363 1522; x_wconf 92' lang='lat' dir='ltr'><strong>aucto-</strong></span> 
     </span>
     <span class='ocr_line' id='line_1_13' title="bbox 219 1557 1364 1646; baseline -0.003 -22"><span class='ocrx_word' id='word_1_92' title='bbox 219 1562 264 1624; x_wconf 89' lang='lat' dir='ltr'><strong>ris</strong></span> <span class='ocrx_word' id='word_1_93' title='bbox 297 1561 349 1624; x_wconf 91' lang='lat' dir='ltr'><strong>sui</strong></span> <span class='ocrx_word' id='word_1_94' title='bbox 382 1568 547 1646; x_wconf 89' lang='lat' dir='ltr'><strong>tamquam</strong></span> <span class='ocrx_word' id='word_1_95' title='bbox 584 1562 717 1627; x_wconf 89' lang='lat' dir='ltr'><strong>doctum</strong></span> <span class='ocrx_word' id='word_1_96' title='bbox 755 1584 793 1627; x_wconf 90' lang='lat' dir='ltr'><strong>ac</strong></span> <span class='ocrx_word' id='word_1_97' title='bbox 827 1563 984 1626; x_wconf 87' lang='lat' dir='ltr'><strong>disertum</strong></span> <span class='ocrx_word' id='word_1_98' title='bbox 1017 1570 1209 1640; x_wconf 85' lang='lat' dir='ltr'><strong>veneratur,</strong></span> <span class='ocrx_word' id='word_1_99' title='bbox 1250 1557 1364 1624; x_wconf 87' lang='lat' dir='ltr'><strong>verbis</strong></span> 
     </span>
     <span class='ocr_line' id='line_1_14' title="bbox 219 1661 1366 1750; baseline -0.003 -25"><span class='ocrx_word' id='word_1_100' title='bbox 219 1661 368 1748; x_wconf 92' lang='lat' dir='ltr'><strong>quamvis</strong></span> <span class='ocrx_word' id='word_1_101' title='bbox 396 1662 484 1727; x_wconf 90' lang='lat' dir='ltr'><strong>sanis</strong></span> <span class='ocrx_word' id='word_1_102' title='bbox 512 1672 610 1748; x_wconf 88' lang='lat' dir='ltr'><strong>atque</strong></span> <span class='ocrx_word' id='word_1_103' title='bbox 637 1664 817 1750; x_wconf 90' lang='lat' dir='ltr'><strong>perspicuis</strong></span> <span class='ocrx_word' id='word_1_104' title='bbox 845 1663 944 1727; x_wconf 88' lang='lat' dir='ltr'><strong>fidem</strong></span> <span class='ocrx_word' id='word_1_105' title='bbox 972 1662 1054 1728; x_wconf 88' lang='lat' dir='ltr'><strong>adeo</strong></span> <span class='ocrx_word' id='word_1_106' title='bbox 1082 1685 1149 1726; x_wconf 90' lang='lat' dir='ltr'><strong>non</strong></span> <span class='ocrx_word' id='word_1_107' title='bbox 1179 1661 1299 1741; x_wconf 88' lang='lat' dir='ltr'><strong>habet,</strong></span> <span class='ocrx_word' id='word_1_108' title='bbox 1326 1668 1366 1723; x_wconf 93' lang='lat' dir='ltr'><strong>ut</strong></span> 
     </span>
     <span class='ocr_line' id='line_1_15' title="bbox 220 1762 1365 1851; baseline -0.003 -24"><span class='ocrx_word' id='word_1_109' title='bbox 220 1762 396 1846; x_wconf 88' lang='lat' dir='ltr'><strong>argutandi</strong></span> <span class='ocrx_word' id='word_1_110' title='bbox 423 1762 605 1829; x_wconf 89' lang='lat' dir='ltr'><strong>subtilitate</strong></span> <span class='ocrx_word' id='word_1_111' title='bbox 632 1773 665 1829; x_wconf 90' lang='lat' dir='ltr'><strong>et</strong></span> <span class='ocrx_word' id='word_1_112' title='bbox 697 1766 871 1830; x_wconf 89' lang='lat' dir='ltr'><strong>arbitraria</strong></span> <span class='ocrx_word' id='word_1_113' title='bbox 898 1765 1166 1851; x_wconf 86' lang='lat' dir='ltr'><strong>interpretatione</strong></span> <span class='ocrx_word' id='word_1_114' title='bbox 1194 1770 1365 1848; x_wconf 89' lang='lat' dir='ltr'><strong>pervertat</strong></span> 
     </span>
     <span class='ocr_line' id='line_1_16' title="bbox 219 1864 931 1953; baseline -0.001 -23"><span class='ocrx_word' id='word_1_115' title='bbox 219 1874 318 1950; x_wconf 87' lang='lat' dir='ltr'><strong>atque</strong></span> <span class='ocrx_word' id='word_1_116' title='bbox 340 1864 376 1927; x_wconf 92' lang='lat' dir='ltr'><strong>in</strong></span> <span class='ocrx_word' id='word_1_117' title='bbox 397 1864 489 1948; x_wconf 89' lang='lat' dir='ltr'><strong>peius</strong></span> <span class='ocrx_word' id='word_1_118' title='bbox 513 1865 706 1953; x_wconf 87' lang='lat' dir='ltr'><strong>detorqueat</strong></span> <span class='ocrx_word' id='word_1_119' title='bbox 728 1867 931 1932; x_wconf 86' lang='lat' dir='ltr'><strong>sententiam.</strong></span> 
     </span>
    </p>

    <p class='ocr_par' dir='ltr' id='par_1_3' title="bbox 218 1960 1408 4289">
     <span class='ocr_line' id='line_1_17' title="bbox 303 1960 1363 2055; baseline -0.001 -26"><span class='ocrx_word' id='word_1_120' title='bbox 303 1966 456 2052; x_wconf 89' lang='lat' dir='ltr'><strong>Denique</strong></span> <span class='ocrx_word' id='word_1_121' title='bbox 478 1965 674 2047; x_wconf 74' lang='lat' dir='ltr'><strong>Quintiliani</strong></span> <span class='ocrx_word' id='word_1_122' title='bbox 688 1969 818 2033; x_wconf 86' lang='lat' dir='ltr'><strong>Riesius</strong></span> <span class='ocrx_word' id='word_1_123' title='bbox 841 1991 873 2055; x_wconf 89' lang='lat' dir='ltr'><strong>p.</strong></span> <span class='ocrx_word' id='word_1_124' title='bbox 890 1967 952 2032; x_wconf 79' lang='lat'><strong>873</strong></span> <span class='ocrx_word' id='word_1_125' title='bbox 974 1966 1045 2032; x_wconf 90' lang='lat' dir='ltr'><strong>loco</strong></span> <span class='ocrx_word' id='word_1_126' title='bbox 1068 1966 1207 2052; x_wconf 88' lang='lat' dir='ltr'><strong>quodam</strong></span> <span class='ocrx_word' id='word_1_127' title='bbox 1231 1960 1309 2048; x_wconf 68' lang='lat' dir='ltr'><strong>(It,</strong></span> <span class='ocrx_word' id='word_1_128' title='bbox 1325 1965 1363 2050; x_wconf 83' lang='lat'><strong>3)</strong></span> 
     </span>
     <span class='ocr_line' id='line_1_18' title="bbox 219 2066 1365 2154; baseline -0.003 -23"><span class='ocrx_word' id='word_1_129' title='bbox 219 2068 306 2154; x_wconf 89' lang='lat' dir='ltr'><strong>quod</strong></span> <span class='ocrx_word' id='word_1_130' title='bbox 333 2076 500 2152; x_wconf 91' lang='lat' dir='ltr'><strong>tamquam</strong></span> <span class='ocrx_word' id='word_1_131' title='bbox 528 2069 733 2152; x_wconf 86' lang='lat' dir='ltr'><strong>testimonio,</strong></span> <span class='ocrx_word' id='word_1_132' title='bbox 766 2093 833 2136; x_wconf 94' lang='lat' dir='ltr'><strong>non</strong></span> <span class='ocrx_word' id='word_1_133' title='bbox 860 2091 956 2134; x_wconf 93' lang='lat' dir='ltr'><strong>usum</strong></span> <span class='ocrx_word' id='word_1_134' title='bbox 983 2066 1077 2133; x_wconf 91' lang='lat' dir='ltr'><strong>obelo</strong></span> <span class='ocrx_word' id='word_1_135' title='bbox 1106 2089 1178 2131; x_wconf 91' lang='lat' dir='ltr'><strong>esse</strong></span> <span class='ocrx_word' id='word_1_136' title='bbox 1205 2067 1365 2146; x_wconf 81' lang='lat' dir='ltr'><strong>Probum,</strong></span> 
     </span>
     <span class='ocr_line' id='line_1_19' title="bbox 219 2166 1366 2257; baseline -0.004 -22"><span class='ocrx_word' id='word_1_137' title='bbox 219 2170 377 2251; x_wconf 86' lang='lat' dir='ltr'><strong>abutitur,</strong></span> <span class='ocrx_word' id='word_1_138' title='bbox 401 2178 434 2234; x_wconf 90' lang='lat' dir='ltr'><strong>et</strong></span> <span class='ocrx_word' id='word_1_139' title='bbox 454 2169 592 2234; x_wconf 90' lang='lat' dir='ltr'><strong>nimium</strong></span> <span class='ocrx_word' id='word_1_140' title='bbox 615 2171 643 2235; x_wconf 90' lang='lat' dir='ltr'><strong>si</strong></span> <span class='ocrx_word' id='word_1_141' title='bbox 659 2171 739 2257; x_wconf 93' lang='lat' dir='ltr'><strong>quid</strong></span> <span class='ocrx_word' id='word_1_142' title='bbox 754 2173 857 2236; x_wconf 90' lang='lat' dir='ltr'><strong>sentio</strong></span> <span class='ocrx_word' id='word_1_143' title='bbox 879 2171 1000 2257; x_wconf 89' lang='lat' dir='ltr'><strong>probat</strong></span> <span class='ocrx_word' id='word_1_144' title='bbox 1020 2179 1052 2234; x_wconf 89' lang='lat' dir='ltr'><strong>et</strong></span> <span class='ocrx_word' id='word_1_145' title='bbox 1067 2191 1148 2255; x_wconf 89' lang='lat' dir='ltr'><strong>quae</strong></span> <span class='ocrx_word' id='word_1_146' title='bbox 1165 2166 1366 2248; x_wconf 78' lang='lat' dir='ltr'><strong>Quintiliani</strong></span> 
     </span>
     <span class='ocr_line' id='line_1_20' title="bbox 219 2269 1366 2358; baseline -0.003 -23"><span class='ocrx_word' id='word_1_147' title='bbox 219 2271 263 2335; x_wconf 88' lang='lat' dir='ltr'><strong>sit</strong></span> <span class='ocrx_word' id='word_1_148' title='bbox 285 2271 446 2335; x_wconf 89' lang='lat' dir='ltr'><strong>sententia</strong></span> <span class='ocrx_word' id='word_1_149' title='bbox 472 2273 577 2334; x_wconf 90' lang='lat' dir='ltr'><strong>minus</strong></span> <span class='ocrx_word' id='word_1_150' title='bbox 606 2271 847 2338; x_wconf 86' lang='lat' dir='ltr'><strong>animadvertit.</strong></span> <span class='ocrx_word' id='word_1_151' title='bbox 892 2272 947 2358; x_wconf 93' lang='lat' dir='ltr'><strong>qui</strong></span> <span class='ocrx_word' id='word_1_152' title='bbox 969 2292 1043 2335; x_wconf 93' lang='lat' dir='ltr'><strong>cum</strong></span> <span class='ocrx_word' id='word_1_153' title='bbox 1065 2279 1158 2336; x_wconf 89' lang='lat' dir='ltr'><strong>tanta</strong></span> <span class='ocrx_word' id='word_1_154' title='bbox 1179 2280 1292 2335; x_wconf 86' lang='lat' dir='ltr'><strong>narret</strong></span> <span class='ocrx_word' id='word_1_155' title='bbox 1314 2269 1366 2333; x_wconf 94' lang='lat' dir='ltr'><strong>iu-</strong></span> 
     </span>
     <span class='ocr_line' id='line_1_21' title="bbox 220 2372 1366 2460; baseline -0.003 -24"><span class='ocrx_word' id='word_1_156' title='bbox 220 2372 298 2438; x_wconf 91' lang='lat' dir='ltr'><strong>dicii</strong></span> <span class='ocrx_word' id='word_1_157' title='bbox 321 2374 495 2437; x_wconf 88' lang='lat' dir='ltr'><strong>severitate</strong></span> <span class='ocrx_word' id='word_1_158' title='bbox 516 2394 593 2438; x_wconf 91' lang='lat' dir='ltr'><strong>usos</strong></span> <span class='ocrx_word' id='word_1_159' title='bbox 616 2395 688 2438; x_wconf 88' lang='lat' dir='ltr'><strong>esse</strong></span> <span class='ocrx_word' id='word_1_160' title='bbox 710 2382 836 2439; x_wconf 88' lang='lat' dir='ltr'><strong>veteres</strong></span> <span class='ocrx_word' id='word_1_161' title='bbox 858 2375 1103 2460; x_wconf 86' lang='lat' dir='ltr'><strong>grammaticos,</strong></span> <span class='ocrx_word' id='word_1_162' title='bbox 1127 2377 1180 2436; x_wconf 71' lang='lat' dir='ltr'><strong>‘ut</strong></span> <span class='ocrx_word' id='word_1_163' title='bbox 1201 2394 1266 2435; x_wconf 91' lang='lat' dir='ltr'><strong>non</strong></span> <span class='ocrx_word' id='word_1_164' title='bbox 1288 2393 1366 2437; x_wconf 89' lang='lat' dir='ltr'><strong>vcr-</strong></span> 
     </span>
     <span class='ocr_line' id='line_1_22' title="bbox 220 2472 1368 2561; baseline -0.003 -23"><span class='ocrx_word' id='word_1_165' title='bbox 220 2497 274 2538; x_wconf 93' lang='lat' dir='ltr'><strong>sus</strong></span> <span class='ocrx_word' id='word_1_166' title='bbox 301 2473 399 2539; x_wconf 94' lang='lat' dir='ltr'><strong>modo</strong></span> <span class='ocrx_word' id='word_1_167' title='bbox 435 2475 584 2538; x_wconf 87' lang='lat' dir='ltr'><strong>censoria</strong></span> <span class='ocrx_word' id='word_1_168' title='bbox 612 2475 754 2561; x_wconf 91' lang='lat' dir='ltr'><strong>quadam</strong></span> <span class='ocrx_word' id='word_1_169' title='bbox 786 2476 917 2560; x_wconf 87' lang='lat' dir='ltr'><strong>virgula</strong></span> <span class='ocrx_word' id='word_1_170' title='bbox 950 2483 1064 2538; x_wconf 91' lang='lat' dir='ltr'><strong>notare</strong></span> <span class='ocrx_word' id='word_1_171' title='bbox 1092 2482 1124 2537; x_wconf 92' lang='lat' dir='ltr'><strong>et</strong></span> <span class='ocrx_word' id='word_1_172' title='bbox 1151 2472 1269 2554; x_wconf 73' lang='lat' dir='ltr'><strong>libroS,</strong></span> <span class='ocrx_word' id='word_1_173' title='bbox 1305 2473 1368 2558; x_wconf 92' lang='lat' dir='ltr'><strong>qui</strong></span> 
     </span>
     <span class='ocr_line' id='line_1_23' title="bbox 219 2574 1366 2663; baseline -0.002 -23"><span class='ocrx_word' id='word_1_174' title='bbox 219 2575 303 2640; x_wconf 84' lang='lat' dir='ltr'><strong>falso</strong></span> <span class='ocrx_word' id='word_1_175' title='bbox 326 2576 516 2641; x_wconf 86' lang='lat' dir='ltr'><strong>viderentur</strong></span> <span class='ocrx_word' id='word_1_176' title='bbox 536 2576 697 2662; x_wconf 89' lang='lat' dir='ltr'><strong>inscripti,</strong></span> <span class='ocrx_word' id='word_1_177' title='bbox 720 2588 886 2663; x_wconf 92' lang='lat' dir='ltr'><strong>tamquam</strong></span> <span class='ocrx_word' id='word_1_178' title='bbox 909 2577 1059 2641; x_wconf 89' lang='lat' dir='ltr'><strong>subditos</strong></span> <span class='ocrx_word' id='word_1_179' title='bbox 1082 2596 1288 2639; x_wconf 89' lang='lat' dir='ltr'><strong>summovere</strong></span> <span class='ocrx_word' id='word_1_180' title='bbox 1310 2574 1366 2638; x_wconf 82' lang='lat' dir='ltr'><strong>fa-</strong></span> 
     </span>
     <span class='ocr_line' id='line_1_24' title="bbox 220 2675 1368 2762; baseline 0 -23"><span class='ocrx_word' id='word_1_181' title='bbox 220 2675 310 2740; x_wconf 91' lang='lat' dir='ltr'><strong>milia</strong></span> <span class='ocrx_word' id='word_1_182' title='bbox 331 2678 538 2762; x_wconf 89' lang='lat' dir='ltr'><strong>permiserint</strong></span> <span class='ocrx_word' id='word_1_183' title='bbox 567 2678 646 2760; x_wconf 83' lang='lat' dir='ltr'><strong>sibi,</strong></span> <span class='ocrx_word' id='word_1_184' title='bbox 676 2679 734 2743; x_wconf 90' lang='lat' dir='ltr'><strong>sed</strong></span> <span class='ocrx_word' id='word_1_185' title='bbox 761 2685 909 2743; x_wconf 89' lang='lat' dir='ltr'><strong>auctores</strong></span> <span class='ocrx_word' id='word_1_186' title='bbox 938 2675 1021 2740; x_wconf 92' lang='lat' dir='ltr'><strong>alios</strong></span> <span class='ocrx_word' id='word_1_187' title='bbox 1043 2678 1078 2739; x_wconf 91' lang='lat' dir='ltr'><strong>in</strong></span> <span class='ocrx_word' id='word_1_188' title='bbox 1099 2675 1245 2741; x_wconf 91' lang='lat' dir='ltr'><strong>ordinem</strong></span> <span class='ocrx_word' id='word_1_189' title='bbox 1267 2675 1368 2739; x_wconf 88' lang='lat' dir='ltr'><strong>rede-</strong></span> 
     </span>
     <span class='ocr_line' id='line_1_25' title="bbox 220 2776 1367 2862; baseline -0.002 -20"><span class='ocrx_word' id='word_1_190' title='bbox 220 2780 328 2862; x_wconf 89' lang='lat' dir='ltr'><strong>gerint</strong></span> <span class='ocrx_word' id='word_1_191' title='bbox 349 2776 430 2842; x_wconf 91' lang='lat' dir='ltr'><strong>alios</strong></span> <span class='ocrx_word' id='word_1_192' title='bbox 454 2777 584 2843; x_wconf 92' lang='lat' dir='ltr'><strong>omnino</strong></span> <span class='ocrx_word' id='word_1_193' title='bbox 607 2780 788 2843; x_wconf 86' lang='lat' dir='ltr'><strong>exemerint</strong></span> <span class='ocrx_word' id='word_1_194' title='bbox 809 2800 943 2845; x_wconf 86' lang='lat' dir='ltr'><strong>numero</strong></span> <span class='ocrx_word' id='word_1_195' title='bbox 951 2785 974 2858; x_wconf 92' lang='lat'><strong>&#39;,</strong></span> <span class='ocrx_word' id='word_1_196' title='bbox 1001 2778 1171 2862; x_wconf 87' lang='lat' dir='ltr'><strong>proprium</strong></span> <span class='ocrx_word' id='word_1_197' title='bbox 1193 2777 1367 2843; x_wconf 89' lang='lat' dir='ltr'><strong>veteribus</strong></span> 
     </span>
     <span class='ocr_line' id='line_1_26' title="bbox 220 2876 1367 2965; baseline -0.003 -22"><span class='ocrx_word' id='word_1_198' title='bbox 220 2881 280 2945; x_wconf 94' lang='lat' dir='ltr'><strong>hoc</strong></span> <span class='ocrx_word' id='word_1_199' title='bbox 302 2887 428 2945; x_wconf 87' lang='lat' dir='ltr'><strong>tantum</strong></span> <span class='ocrx_word' id='word_1_200' title='bbox 443 2879 610 2943; x_wconf 88' lang='lat' dir='ltr'><strong>vindicare</strong></span> <span class='ocrx_word' id='word_1_201' title='bbox 629 2878 772 2961; x_wconf 87' lang='lat' dir='ltr'><strong>videtur,</strong></span> <span class='ocrx_word' id='word_1_202' title='bbox 795 2879 880 2965; x_wconf 94' lang='lat' dir='ltr'><strong>quod</strong></span> <span class='ocrx_word' id='word_1_203' title='bbox 902 2887 1066 2965; x_wconf 89' lang='lat' dir='ltr'><strong>postremo</strong></span> <span class='ocrx_word' id='word_1_204' title='bbox 1088 2876 1160 2943; x_wconf 89' lang='lat' dir='ltr'><strong>loco</strong></span> <span class='ocrx_word' id='word_1_205' title='bbox 1180 2879 1303 2962; x_wconf 92' lang='lat' dir='ltr'><strong>posuit,</strong></span> <span class='ocrx_word' id='word_1_206' title='bbox 1327 2879 1367 2940; x_wconf 91' lang='lat' dir='ltr'><strong>in</strong></span> 
     </span>
     <span class='ocr_line' id='line_1_27' title="bbox 221 2977 1367 3066; baseline -0.003 -19"><span class='ocrx_word' id='word_1_207' title='bbox 221 2980 368 3047; x_wconf 89' lang='lat' dir='ltr'><strong>ordinem</strong></span> <span class='ocrx_word' id='word_1_208' title='bbox 397 3002 629 3066; x_wconf 89' lang='lat' dir='ltr'><strong>numerumque</strong></span> <span class='ocrx_word' id='word_1_209' title='bbox 657 3003 768 3046; x_wconf 89' lang='lat' dir='ltr'><strong>eorum</strong></span> <span class='ocrx_word' id='word_1_210' title='bbox 801 2990 989 3061; x_wconf 87' lang='lat' dir='ltr'><strong>auctorum,</strong></span> <span class='ocrx_word' id='word_1_211' title='bbox 1023 2979 1078 3064; x_wconf 91' lang='lat' dir='ltr'><strong>qui</strong></span> <span class='ocrx_word' id='word_1_212' title='bbox 1105 3001 1231 3043; x_wconf 89' lang='lat' dir='ltr'><strong>summa</strong></span> <span class='ocrx_word' id='word_1_213' title='bbox 1264 2977 1367 3044; x_wconf 92' lang='lat' dir='ltr'><strong>laude</strong></span> 
     </span>
     <span class='ocr_line' id='line_1_28' title="bbox 220 3078 1366 3166; baseline -0.003 -18"><span class='ocrx_word' id='word_1_214' title='bbox 220 3082 312 3166; x_wconf 86' lang='lat' dir='ltr'><strong>digni</strong></span> <span class='ocrx_word' id='word_1_215' title='bbox 334 3081 609 3163; x_wconf 81' lang='lat' dir='ltr'><strong>existimarentur,</strong></span> <span class='ocrx_word' id='word_1_216' title='bbox 633 3080 714 3146; x_wconf 89' lang='lat' dir='ltr'><strong>alios</strong></span> <span class='ocrx_word' id='word_1_217' title='bbox 735 3078 977 3166; x_wconf 53' lang='lat' dir='ltr'><strong>eos&#39;redegisse</strong></span> <span class='ocrx_word' id='word_1_218' title='bbox 994 3080 1075 3145; x_wconf 90' lang='lat' dir='ltr'><strong>alios</strong></span> <span class='ocrx_word' id='word_1_219' title='bbox 1097 3079 1174 3145; x_wconf 90' lang='lat' dir='ltr'><strong>inde</strong></span> <span class='ocrx_word' id='word_1_220' title='bbox 1198 3081 1366 3145; x_wconf 88' lang='lat' dir='ltr'><strong>exemisse</strong></span> 
     </span>
     <span class='ocr_line' id='line_1_29' title="bbox 220 3180 1363 3268; baseline -0.003 -21"><span class='ocrx_word' id='word_1_221' title='bbox 220 3185 311 3268; x_wconf 89' lang='lat' dir='ltr'><strong>(nota</strong></span> <span class='ocrx_word' id='word_1_222' title='bbox 339 3185 425 3248; x_wconf 90' lang='lat' dir='ltr'><strong>enim</strong></span> <span class='ocrx_word' id='word_1_223' title='bbox 453 3193 529 3248; x_wconf 91' lang='lat' dir='ltr'><strong>sunt</strong></span> <span class='ocrx_word' id='word_1_224' title='bbox 556 3193 705 3249; x_wconf 87' lang='lat' dir='ltr'><strong>veterum</strong></span> <span class='ocrx_word' id='word_1_225' title='bbox 731 3183 1014 3268; x_wconf 87' lang='lat' dir='ltr'><strong>grammaticorum</strong></span> <span class='ocrx_word' id='word_1_226' title='bbox 1042 3180 1083 3246; x_wconf 88' lang='lat' dir='ltr'><strong>de</strong></span> <span class='ocrx_word' id='word_1_227' title='bbox 1105 3181 1216 3245; x_wconf 88' lang='lat' dir='ltr'><strong>ordine</strong></span> <span class='ocrx_word' id='word_1_228' title='bbox 1239 3180 1363 3267; x_wconf 76' lang='grc' dir='ltr'>(τάξει)</span> 
     </span>
     <span class='ocr_line' id='line_1_30' title="bbox 220 3283 1366 3371; baseline -0.002 -21"><span class='ocrx_word' id='word_1_229' title='bbox 220 3285 432 3350; x_wconf 88' lang='lat' dir='ltr'><strong>eminentium</strong></span> <span class='ocrx_word' id='word_1_230' title='bbox 459 3286 494 3348; x_wconf 94' lang='lat' dir='ltr'><strong>in</strong></span> <span class='ocrx_word' id='word_1_231' title='bbox 522 3306 649 3371; x_wconf 92' lang='lat' dir='ltr'><strong>quoque</strong></span> <span class='ocrx_word' id='word_1_232' title='bbox 676 3284 859 3350; x_wconf 89' lang='lat' dir='ltr'><strong>litterarum</strong></span> <span class='ocrx_word' id='word_1_233' title='bbox 885 3306 1003 3368; x_wconf 83' lang='lat' dir='ltr'><strong>genere</strong></span> <span class='ocrx_word' id='word_1_234' title='bbox 1032 3283 1226 3368; x_wconf 89' lang='lat' dir='ltr'><strong>scriptorum</strong></span> <span class='ocrx_word' id='word_1_235' title='bbox 1248 3284 1366 3348; x_wconf 89' lang='lat' dir='ltr'><strong>studia</strong></span> 
     </span>
     <span class='ocr_line' id='line_1_31' title="bbox 219 3383 1362 3472; baseline -0.001 -23"><span class='ocrx_word' id='word_1_236' title='bbox 219 3396 317 3472; x_wconf 89' lang='lat' dir='ltr'><strong>atque</strong></span> <span class='ocrx_word' id='word_1_237' title='bbox 347 3385 566 3470; x_wconf 89' lang='lat' dir='ltr'><strong>discrimina);</strong></span> <span class='ocrx_word' id='word_1_238' title='bbox 595 3383 730 3451; x_wconf 91' lang='lat' dir='ltr'><strong>alteram</strong></span> <span class='ocrx_word' id='word_1_239' title='bbox 757 3396 867 3451; x_wconf 91' lang='lat' dir='ltr'><strong>tamen</strong></span> <span class='ocrx_word' id='word_1_240' title='bbox 894 3386 1032 3450; x_wconf 90' lang='lat' dir='ltr'><strong>censorii</strong></span> <span class='ocrx_word' id='word_1_241' title='bbox 1053 3383 1196 3448; x_wconf 89' lang='lat' dir='ltr'><strong>muneris</strong></span> <span class='ocrx_word' id='word_1_242' title='bbox 1218 3393 1362 3469; x_wconf 87' lang='lat' dir='ltr'><strong>purtem,</strong></span> 
     </span>
     <span class='ocr_line' id='line_1_32' title="bbox 220 3481 1362 3574; baseline -0.001 -23"><span class='ocrx_word' id='word_1_243' title='bbox 220 3509 302 3574; x_wconf 88' lang='lat' dir='ltr'><strong>quae</strong></span> <span class='ocrx_word' id='word_1_244' title='bbox 330 3488 364 3551; x_wconf 89' lang='lat' dir='ltr'><strong>in</strong></span> <span class='ocrx_word' id='word_1_245' title='bbox 390 3486 542 3551; x_wconf 88' lang='lat' dir='ltr'><strong>notandis</strong></span> <span class='ocrx_word' id='word_1_246' title='bbox 576 3488 726 3553; x_wconf 86' lang='lat' dir='ltr'><strong>versibus</strong></span> <span class='ocrx_word' id='word_1_247' title='bbox 760 3485 898 3570; x_wconf 88' lang='lat' dir='ltr'><strong>singulis</strong></span> <span class='ocrx_word' id='word_1_248' title='bbox 932 3497 965 3552; x_wconf 94' lang='lat' dir='ltr'><strong>et</strong></span> <span class='ocrx_word' id='word_1_249' title='bbox 999 3485 1192 3550; x_wconf 90' lang='lat' dir='ltr'><strong>damnandis</strong></span> <span class='ocrx_word' id='word_1_250' title='bbox 1214 3481 1362 3569; x_wconf 67' lang='lat' dir='ltr'><strong>&#39;integris</strong></span> 
     </span>
     <span class='ocr_line' id='line_1_33' title="bbox 218 3587 1408 3681; baseline -0.001 -29"><span class='ocrx_word' id='word_1_251' title='bbox 218 3588 311 3653; x_wconf 91' lang='lat' dir='ltr'><strong>libris</strong></span> <span class='ocrx_word' id='word_1_252' title='bbox 334 3587 521 3669; x_wconf 87' lang='lat' dir='ltr'><strong>constabat,</strong></span> <span class='ocrx_word' id='word_1_253' title='bbox 550 3587 718 3672; x_wconf 87' lang='lat' dir='ltr'><strong>vulgarem</strong></span> <span class='ocrx_word' id='word_1_254' title='bbox 746 3597 778 3652; x_wconf 92' lang='lat' dir='ltr'><strong>et</strong></span> <span class='ocrx_word' id='word_1_255' title='bbox 805 3611 825 3652; x_wconf 92' lang='lat' dir='ltr'><strong>a</strong></span> <span class='ocrx_word' id='word_1_256' title='bbox 851 3588 1088 3654; x_wconf 88' lang='lat' dir='ltr'><strong>recentioribus</strong></span> <span class='ocrx_word' id='word_1_257' title='bbox 1111 3609 1239 3673; x_wconf 91' lang='lat' dir='ltr'><strong>quoque</strong></span> <span class='ocrx_word' id='word_1_258' title='bbox 1267 3609 1362 3651; x_wconf 89' lang='lat' dir='ltr'><strong>exer·</strong></span> <span class='ocrx_word' id='word_1_259' title='bbox 1405 3612 1408 3681; x_wconf 54' lang='lat' dir='ltr'>g</span> 
     </span>
     <span class='ocr_line' id='line_1_34' title="bbox 219 3687 1363 3775; baseline -0.003 -21"><span class='ocrx_word' id='word_1_260' title='bbox 219 3692 317 3755; x_wconf 85' lang='lat' dir='ltr'><strong>citam</strong></span> <span class='ocrx_word' id='word_1_261' title='bbox 346 3689 449 3753; x_wconf 82' lang='lat' dir='ltr'><strong>fuisse</strong></span> <span class='ocrx_word' id='word_1_262' title='bbox 475 3697 512 3753; x_wconf 90' lang='lat' dir='ltr'><strong>ut</strong></span> <span class='ocrx_word' id='word_1_263' title='bbox 539 3688 646 3752; x_wconf 88' lang='lat' dir='ltr'><strong>adhuc</strong></span> <span class='ocrx_word' id='word_1_264' title='bbox 675 3687 762 3755; x_wconf 91' lang='lat' dir='ltr'><strong>soliti</strong></span> <span class='ocrx_word' id='word_1_265' title='bbox 788 3711 900 3753; x_wconf 92' lang='lat' dir='ltr'><strong>sumus</strong></span> <span class='ocrx_word' id='word_1_266' title='bbox 927 3710 1101 3775; x_wconf 89' lang='lat' dir='ltr'><strong>pergemus</strong></span> <span class='ocrx_word' id='word_1_267' title='bbox 1128 3688 1273 3753; x_wconf 88' lang='lat' dir='ltr'><strong>credere.</strong></span> <span class='ocrx_word' id='word_1_268' title='bbox 1320 3711 1363 3752; x_wconf 91' lang='lat' dir='ltr'><strong>an</strong></span> 
     </span>
     <span class='ocr_line' id='line_1_35' title="bbox 219 3786 1361 3880; baseline -0.002 -25"><span class='ocrx_word' id='word_1_269' title='bbox 219 3790 401 3880; x_wconf 86' lang='lat' dir='ltr'><strong>Varronem</strong></span> <span class='ocrx_word' id='word_1_270' title='bbox 424 3787 570 3876; x_wconf 90' lang='lat' dir='ltr'><strong>aliosque</strong></span> <span class='ocrx_word' id='word_1_271' title='bbox 584 3791 811 3874; x_wconf 89' lang='lat' dir='ltr'><strong>grammaticos</strong></span> <span class='ocrx_word' id='word_1_272' title='bbox 826 3789 962 3855; x_wconf 89' lang='lat' dir='ltr'><strong>Latinos</strong></span> <span class='ocrx_word' id='word_1_273' title='bbox 983 3791 1017 3853; x_wconf 90' lang='lat' dir='ltr'><strong>in</strong></span> <span class='ocrx_word' id='word_1_274' title='bbox 1040 3788 1248 3854; x_wconf 89' lang='lat' dir='ltr'><strong>diiudicanda</strong></span> <span class='ocrx_word' id='word_1_275' title='bbox 1263 3786 1361 3853; x_wconf 89' lang='lat' dir='ltr'><strong>Plau·</strong></span> 
     </span>
     <span class='ocr_line' id='line_1_36' title="bbox 220 3889 1390 3975; baseline -0.001 -20"><span class='ocrx_word' id='word_1_276' title='bbox 220 3893 363 3956; x_wconf 89' lang='lat' dir='ltr'><strong>tinarum</strong></span> <span class='ocrx_word' id='word_1_277' title='bbox 384 3889 570 3955; x_wconf 84' lang='lat' dir='ltr'><strong>fabularum</strong></span> <span class='ocrx_word' id='word_1_278' title='bbox 593 3890 717 3974; x_wconf 87' lang='lat' dir='ltr'><strong>origine</strong></span> <span class='ocrx_word' id='word_1_279' title='bbox 741 3889 962 3957; x_wconf 88' lang='lat' dir='ltr'><strong>elaboravisse</strong></span> <span class='ocrx_word' id='word_1_280' title='bbox 983 3892 1071 3975; x_wconf 90' lang='lat' dir='ltr'><strong>fugit</strong></span> <span class='ocrx_word' id='word_1_281' title='bbox 1094 3889 1360 3971; x_wconf 76' lang='lat' dir='ltr'><strong>Quintilianum?</strong></span> <span class='ocrx_word' id='word_1_282' title='bbox 1383 3952 1390 3968; x_wconf 81' lang='grc'><strong>,</strong></span> 
     </span>
     <span class='ocr_line' id='line_1_37' title="bbox 220 3990 1360 4078; baseline -0.002 -21"><span class='ocrx_word' id='word_1_283' title='bbox 220 4015 262 4057; x_wconf 86' lang='lat' dir='ltr'><strong>ne</strong></span> <span class='ocrx_word' id='word_1_284' title='bbox 283 4001 333 4056; x_wconf 92' lang='lat' dir='ltr'><strong>tot</strong></span> <span class='ocrx_word' id='word_1_285' title='bbox 354 3991 418 4056; x_wconf 88' lang='lat' dir='ltr'><strong>alia</strong></span> <span class='ocrx_word' id='word_1_286' title='bbox 440 3990 589 4077; x_wconf 88' lang='lat' dir='ltr'><strong>exempla</strong></span> <span class='ocrx_word' id='word_1_287' title='bbox 609 3993 791 4073; x_wconf 89' lang='lat' dir='ltr'><strong>notissima,</strong></span> <span class='ocrx_word' id='word_1_288' title='bbox 807 3993 925 4078; x_wconf 89' lang='lat' dir='ltr'><strong>quibus</strong></span> <span class='ocrx_word' id='word_1_289' title='bbox 941 3992 1002 4057; x_wconf 91' lang='lat' dir='ltr'><strong>hoe</strong></span> <span class='ocrx_word' id='word_1_290' title='bbox 1017 3993 1248 4076; x_wconf 90' lang='lat' dir='ltr'><strong>grammaticae</strong></span> <span class='ocrx_word' id='word_1_291' title='bbox 1264 3991 1360 4056; x_wconf 91' lang='lat' dir='ltr'><strong>disci·</strong></span> 
     </span>
     <span class='ocr_line' id='line_1_38' title="bbox 220 4092 1360 4179; baseline 0.003 -25"><span class='ocrx_word' id='word_1_292' title='bbox 220 4092 329 4179; x_wconf 87' lang='lat' dir='ltr'><strong>plinae</strong></span> <span class='ocrx_word' id='word_1_293' title='bbox 357 4114 489 4156; x_wconf 87' lang='lat' dir='ltr'><strong>munere</strong></span> <span class='ocrx_word' id='word_1_294' title='bbox 516 4114 691 4178; x_wconf 87' lang='lat' dir='ltr'><strong>numquam</strong></span> <span class='ocrx_word' id='word_1_295' title='bbox 718 4116 783 4157; x_wconf 94' lang='lat' dir='ltr'><strong>non</strong></span> <span class='ocrx_word' id='word_1_296' title='bbox 802 4094 938 4158; x_wconf 90' lang='lat' dir='ltr'><strong>Latinos</strong></span> <span class='ocrx_word' id='word_1_297' title='bbox 965 4093 1112 4158; x_wconf 92' lang='lat' dir='ltr'><strong>homines</strong></span> <span class='ocrx_word' id='word_1_298' title='bbox 1133 4093 1264 4157; x_wconf 89' lang='lat' dir='ltr'><strong>functos</strong></span> <span class='ocrx_word' id='word_1_299' title='bbox 1287 4115 1360 4158; x_wconf 89' lang='lat' dir='ltr'><strong>esse</strong></span> 
     </span>
     <span class='ocr_line' id='line_1_39' title="bbox 221 4192 1408 4289; baseline 0 -32"><span class='ocrx_word' id='word_1_300' title='bbox 221 4201 371 4280; x_wconf 89' lang='lat' dir='ltr'><strong>apparet,</strong></span> <span class='ocrx_word' id='word_1_301' title='bbox 394 4194 615 4258; x_wconf 85' lang='lat' dir='ltr'><strong>enumerando</strong></span> <span class='ocrx_word' id='word_1_302' title='bbox 637 4193 783 4259; x_wconf 91' lang='lat' dir='ltr'><strong>taedium</strong></span> <span class='ocrx_word' id='word_1_303' title='bbox 805 4194 938 4259; x_wconf 89' lang='lat' dir='ltr'><strong>etmihi</strong></span> <span class='ocrx_word' id='word_1_304' title='bbox 961 4204 993 4259; x_wconf 90' lang='lat' dir='ltr'><strong>et</strong></span> <span class='ocrx_word' id='word_1_305' title='bbox 1015 4192 1088 4258; x_wconf 91' lang='lat' dir='ltr'><strong>aliis</strong></span> <span class='ocrx_word' id='word_1_306' title='bbox 1110 4196 1260 4259; x_wconf 90' lang='lat' dir='ltr'><strong>excitem.</strong></span> <span class='ocrx_word' id='word_1_307' title='bbox 1406 4264 1408 4289; x_wconf 36' lang='grc' dir='ltr'>ι</span> 
     </span>
    </p>

    <p class='ocr_par' dir='ltr' id='par_1_4' title="bbox 305 4294 1408 4393">
     <span class='ocr_line' id='line_1_40' title="bbox 305 4294 1408 4393; baseline -0.002 -33"><span class='ocrx_word' id='word_1_308' title='bbox 305 4294 421 4360; x_wconf 87' lang='lat' dir='ltr'><strong>Acrior</strong></span> <span class='ocrx_word' id='word_1_309' title='bbox 447 4294 656 4375; x_wconf 77' lang='lat' dir='ltr'><strong>adversarius</strong></span> <span class='ocrx_word' id='word_1_310' title='bbox 694 4295 916 4377; x_wconf 87' lang='lat' dir='ltr'><strong>coniecturae,</strong></span> <span class='ocrx_word' id='word_1_311' title='bbox 947 4318 1045 4382; x_wconf 87' lang='lat' dir='ltr'><strong>quarn</strong></span> <span class='ocrx_word' id='word_1_312' title='bbox 1081 4297 1115 4359; x_wconf 95' lang='lat' dir='ltr'><strong>in</strong></span> <span class='ocrx_word' id='word_1_313' title='bbox 1146 4294 1294 4381; x_wconf 77' lang='lat' dir='ltr'><strong>pro&#39;legg.</strong></span> <span class='ocrx_word' id='word_1_314' title='bbox 1329 4320 1359 4382; x_wconf 86' lang='lat' dir='ltr'><strong>p.</strong></span> <span class='ocrx_word' id='word_1_315' title='bbox 1406 4340 1408 4393; x_wconf 68' lang='lat'>3</span> 
     </span>
    </p>
   </div>
   <div class='ocr_carea' id='block_1_3' title="bbox 1407 3686 1411 4259">
    <p class='ocr_par' dir='ltr' id='par_1_5' title="bbox 1407 3686 1411 4259">
     <span class='ocr_line' id='line_1_41' title="bbox 1407 3686 1411 4259; baseline 0 0"><span class='ocrx_word' id='word_1_316' title='bbox 1407 3686 1411 4259; x_wconf 95' lang='lat' dir='ltr'><strong> </strong></span> 
     </span>
    </p>
   </div>
   <div class='ocr_carea' id='block_1_4' title="bbox 0 0 1416 4770">
    <p class='ocr_par' dir='ltr' id='par_1_6' title="bbox 0 0 1416 4770">
     <span class='ocr_line' id='line_1_42' title="bbox 0 0 1416 4770; baseline 0 0"><span class='ocrx_word' id='word_1_317' title='bbox 0 0 1416 4770; x_wconf 95' lang='lat' dir='ltr'><strong> </strong></span> 
     </span>
    </p>
   </div>
  </div>
 </body>
</html>
