2820 4770
599 295 691 338 crars.
1021 239 1026 248 ι
1155 278 1214 342 117

153 460 208 520 sed
232 462 325 540 patris
347 457 487 521 incolumi
510 463 608 540 patius
630 461 783 547 denubere
805 481 899 542 reguo
1153 472 1215 528 330

154 578 246 647 atque
268 570 383 649 aliquus
405 578 506 632 tamen
529 590 594 632 esse
618 571 689 632 velis
713 572 779 643 tibi,
804 572 936 644 alumna,
960 555 1099 656 penates¹

155 681 215 742 hoc
237 700 328 743 unum
352 682 441 741 exitio
464 681 549 742 docta
572 691 661 767 atque
685 693 805 762 experta
828 668 964 746 monebu.

156 791 236 869 quod
259 793 284 852 si
308 810 367 852 non
389 791 444 852 alia
467 794 580 871 poteris
602 794 717 853 ratione
740 801 893 872 parentem

156 904 277 962 tlectere
301 902 361 981 (sed
385 903 510 980 puteris:
535 903 604 979 qnid
628 904 705 963 enim
729 923 788 964 nun
811 907 896 965 unica
920 906 1054 983 possisi),

156 1018 227 1071 tunc
248 1015 346 1092 petius
369 1021 466 1073 tamen
491 1015 560 1080 ista,
587 1014 637 1091 piu
660 1031 726 1072 cum
751 1016 815 1075 iure
839 1014 946 1085 licebit,
1152 1020 1212 1078 335

157 1141 223 1182 cum
246 1124 314 1184 facti
336 1141 454 1183 causam
479 1131 654 1202 tempusque
678 1121 788 1184 doloris
810 1124 943 1192 babebis,

157 1242 226 1293 tunc
247 1234 345 1312 potius
367 1239 471 1293 cunata
494 1241 541 1293 tua
565 1240 653 1311 atque
675 1235 793 1312 incepta
814 1235 940 1304 reiert0;

157 1361 262 1422 meque
285 1343 415 1420 deosque
438 1343 497 1403 tibi
512 1344 649 1412 cumiteS,
674 1362 738 1404 mea
762 1343 893 1430 alumna,
918 1346 1033 1406 futuros

157 1450 311 1533 polliceor:
336 1452 408 1513 nilril
432 1461 483 1522 est,
509 1453 585 1530 qnod
610 1456 706 1514 tenuis
728 1455 847 1524 ordine,
871 1454 1015 1534 longum'

197 1564 249 1624 His
271 1563 322 1623 ubi
345 1562 484 1623 sollicitus
507 1565 596 1623 animi
620 1563 800 1626 relevaverat
822 1573 919 1626 aestus
1150 1569 1212 1629 340

158 1673 275 1734 vocibus
299 1681 327 1733 et
351 1671 456 1734 blanda
478 1682 582 1753 pectus
604 1693 656 1752 spe
680 1673 790 1735 luserat
813 1692 944 1752 aegrum,

157 1783 293 1863 paulatim
318 1784 513 1845 tremebunda
535 1785 619 1862 genis
642 1782 792 1845 obducere
815 1792 924 1846 vestem

158 1895 275 1971 virginis
299 1904 328 1954 ct
349 1893 493 1973 placidam
517 1894 648 1954 tenebris
671 1902 790 1974 captare
811 1897 941 1974 quietem

157 2007 270 2065 inversu
294 2003 426 2065 bibulum
449 2007 638 2082 restinguens
661 2004 761 2067 lumen
784 2005 860 2066 olivo

156 2116 258 2194 incipit
279 2114 314 2174 ad
339 2113 520 2195 crebrosque
541 2117 638 2176 insani
660 2118 790 2196 pecturis
811 2118 888 2177 ictus
1148 2120 1209 2178 345

156 2227 232 2285 terre
256 2203 383 2292 manum,
407 2224 530 2285 assiduis
553 2210 685 2286 mulcens
709 2226 882 2304 praecordia
905 2225 1019 2305 palmis.

155 2342 270 2395 noctem
293 2334 372 2395 illam
395 2336 437 2395 sic
461 2343 569 2396 maesta
592 2353 682 2414 super
705 2338 858 2397 morientis
880 2335 1016 2396 alumnae

153 2444 307 2523 frigidulos
330 2434 430 2507 cubitu
454 2444 578 2506 subnixa
601 2445 742 2526 pependit
764 2442 883 2507 ocellos.

153 2562 269 2634 postera
292 2554 341 2616 lux
365 2555 413 2615 ubi
437 2555 512 2616 laeta
536 2557 613 2616 diem
637 2554 810 2616 mortalibus
833 2556 942 2617 almum

105 2667 184 2760 'cre'
200 2667 320 2776 ‘leque
342 2704 382 2762 re
404 2719 455 2759 nee
477 2702 555 2760 nna
621 2713 662 2759 esi
684 2723 703 2758 a
725 2705 881 2762 situnne
946 2704 996 2760 aru
1011 2705 1079 2763 nne
1144 2722 1208 2761 oon-

105 2837 163 2893 dere
185 2840 217 2893 H
238 2856 274 2893 m.
300 2839 313 2892 1
404 2838 466 2896 330
488 2838 623 2894 denubere
646 2842 673 2896 R
696 2804 832 2915 ‹lbnubere
861 2839 950 2909 (carr.
973 2857 1009 2894 m.
1034 2838 1106 2911 rec.)
1129 2841 1158 2896 H
1183 2849 1209 2894 te

106 2921 169 2978 rbere
192 2923 253 2981 Lea
340 2923 398 2980 331
424 2924 500 2979 velim
524 2928 568 2979 vir
589 2926 691 2980 doctus
712 2930 741 2982 in
764 2927 843 2980 misc.
869 2926 943 2980 obss.
965 2922 998 2977 lV
1021 2924 1082 2981 327
1153 2925 1209 2980 alu·

106 3008 157 3062 all
251 3007 311 3065 332
335 3008 474 3066 enicicH
495 3009 651 3064 enitiumL
751 3008 812 3065 333
836 3009 923 3081 aliqua
951 3010 994 3065 ael
1024 3009 1077 3064 ulla
1101 3010 1208 3066 Schra-

106 3107 155 3147 rns
252 3090 313 3148 334
335 3108 390 3147 nun
413 3093 460 3148 na
487 3093 538 3147 nisi
562 3093 631 3151 HLe
732 3092 791 3150 335
816 3093 891 3148 Tunc
913 3094 1004 3150 HLeu
1032 3093 1121 3149 'tun
1152 3102 1208 3148 tunr

106 3179 216 3247 anplius
275 3184 363 3232 tamen
384 3178 435 3231 ista
458 3180 501 3232 nir
523 3178 624 3234 doctus
645 3182 724 3234 misc.
749 3180 822 3234 obss.
847 3180 865 3232 l.
883 3180 902 3233 l.
927 3185 1016 3232 tamen
1039 3179 1096 3250 ipsa
1119 3179 1208 3235 LReu

106 3254 171 3316 ilffa
193 3261 226 3317 H
344 3262 402 3317 iura
425 3260 458 3314 H
477 3262 554 3316 ml
679 3263 738 3320 337
762 3270 819 3317 turn
842 3260 991 3333 Hauptius
1098 3269 1145 3317 luc
1167 3262 1207 3321 Le

131 3346 235 3417 incepta
257 3364 277 3399 α
299 3343 354 3416 (ed.
375 3363 422 3417 pr.
447 3353 517 3401 teste
541 3345 659 3419 Sillipic)
682 3348 784 3402 incerta
807 3340 945 3404 ΗΙΞΙίεοι1
1047 3346 1107 3403 338
1130 3345 1206 3410 deus,

106 3448 121 3484 r.
144 3445 197 3502 qne
220 3430 247 3486 R
334 3429 393 3487 339
418 3431 504 3485 texitis
527 3434 642 3502 scripsi.
681 3433 766 3486 tenuit
789 3432 846 3487 HR
871 3439 943 3486 lexas
966 3449 985 3484 α
1007 3438 1080 3485 texat
1102 3431 1141 3488 Le
1166 3432 1205 3503 cf.
1282 3482 1286 3489 .

106 3515 199 3570 setrius
222 3513 283 3574 Cat.
309 3531 342 3585 p.
369 3514 427 3570 137
502 3515 646 3570 inordina
669 3517 707 3573 Le
810 3515 872 3573 340
894 3516 934 3571 his
957 3533 976 3569 α
1000 3513 1047 3569 llic
1069 3514 1127 3572 HR
1151 3514 1208 3570 Huc

106 3613 111 3655 ῑ
184 3592 242 3673 ubi]
268 3597 315 3653 tibi
337 3599 376 3656 Le
455 3599 575 3655 solicitos
599 3602 626 3656 R
649 3599 782 3655 sollicitus
804 3601 875 3657 HLe
954 3599 1136 3661 reuelauerat‚
1160 3616 1206 3656 su-

106 3700 184 3739 uscr.
215 3701 251 3738 m.
281 3698 342 3738 rec.
376 3683 544 3739 relaueuerat
571 3682 634 3756 (sic)
662 3685 693 3740 H
720 3685 857 3740 uelauerat
879 3685 919 3742 Le
997 3691 1073 3738 estus
1095 3686 1122 3740 R

106 3770 130 3823 tl
153 3783 201 3840 spe
224 3785 277 3824 om.
293 3769 326 3823 Η
346 3782 451 3841 sperne
518 3768 618 3824 luserat
641 3776 671 3824 ut
693 3772 801 3841 scripsi
820 3787 852 3839 u,
878 3773 934 3825 nisi
954 3770 1024 3841 quid
1041 3768 1118 3841 fugit
1140 3786 1206 3825 ocic-

106 3869 122 3908 ς.
149 3854 264 3907 iusserat
286 3850 313 3923 (i.
338 3870 362 3908 e.
394 3852 519 3924 iusserat)
543 3854 568 3909 R
599 3855 697 3908 uiserat
720 3854 753 3907 H
778 3853 909 3909 clauserat
937 3854 976 3910 Le
1006 3853 1106 3908 uicerat
1135 3854 1205 3909 qu-

107 3955 131 3992 ια
201 3935 262 3993 342
286 3938 371 4010 gemis
394 3937 426 3992 H
504 3936 564 3994 344
587 3939 760 4012 restinguens
783 3954 818 3996 εα
840 3939 1010 4012 restringens
1033 3937 1090 3993 HR
1113 3938 1207 3992 restri-

107 4022 174 4076 nsL
259 4019 320 4077 345
344 4038 396 4094 que
413 4023 541 4092 Balbine,
559 4040 611 4077 cm.
628 4023 746 4080 HLReu
833 4022 893 4080 347
917 4022 1055 4077 morientis
1070 4023 1206 4080 nenia.-

107 4105 198 4162 2182.
223 4104 293 4168 225,
317 4106 445 4177 defendit
467 4106 655 4162 Burmannus
678 4109 717 4162 ud
737 4109 826 4179 Prop.
850 4107 859 4161 l
885 4108 936 4168 10,
961 4107 978 4161 b
998 4125 1031 4177 p.
1055 4106 1114 4163 108
1137 4123 1205 4161 mar·

107 4190 152 4245 utis
175 4193 218 4247 vel
241 4191 385 4246 maerentis
409 4189 547 4246 Heinsius
612 4191 709 4264 aiupne
725 4190 758 4245 H
842 4191 902 4249 348
925 4189 1032 4246 cubitos
1055 4190 1088 4244 H
1108 4189 1205 4247 cubitis

107 4338 114 4382 ε
172 4287 306 4402 papantis
328 4322 417 4398 (corr.
441 4344 477 4383 m.
499 4325 571 4399 rec.)
594 4329 626 4384 H
716 4325 776 4384 343
800 4328 840 4400 cf.
864 4325 934 4383 Aen.
953 4324 1043 4404 1764
1107 4331 1206 4402 murta-
