2820 4770
541 281 544 285 ’
580 286 835 332 Pnonneomunon

221 455 298 516 Nihil
323 462 419 515 autem
442 457 534 532 magis
557 462 585 515 et
607 455 845 533 interpretationi
869 461 897 513 et
920 451 1122 512 emendationi
1139 453 1288 522 carminis

137 559 230 627 nostri
253 546 359 624 obtuit,
389 574 475 635 quam
499 555 575 635 quod
600 556 634 616 ad
658 557 881 617 intercalarium
904 555 955 634 qui
978 553 1120 614 dicrmtur
1142 572 1290 629 versuum

137 659 298 719 sententias
327 675 383 718 ιιοιι
410 659 481 717 satis
509 659 618 719 acriter
646 659 776 767 animum
806 657 997 717 adverterunt
1024 655 1161 716 lromines
1188 655 1290 732 docti

138 777 204 820 nam
228 761 325 819 statim
348 761 378 819 in
403 760 555 838 prooemio

338 899 445 954 Battare
467 915 580 973 cycneas
604 906 770 971 repetamus
793 899 912 954 carmine
933 912 1024 953 voces.

339 981 437 1038 divisas
459 987 562 1039 iterum
585 984 664 1040 sedes
687 992 715 1038 et
737 1000 799 1039 rura
823 999 958 1045 canamus,

338 1083 403 1123 rura
426 1068 523 1141 quibus
547 1067 618 1124 diras
640 1070 803 1138 inclinamur,
826 1069 907 1140 impia
931 1074 991 1122 vota

136 1214 299 1276 clarissime
321 1214 477 1283 indicatur,
502 1215 595 1276 dictas
618 1214 663 1276 vel
686 1223 817 1277 cantatas
841 1214 919 1283 olim,
944 1232 1010 1274 cum
1034 1224 1105 1274 ru'ra
1128 1211 1281 1291 relinque.

135 1322 254 1386 rentur,
285 1317 487 1376 execrationes
515 1305 719 1395 et'querellas
747 1319 805 1377 iam
834 1323 968 1396 paratum
993 1334 1059 1375 esse
1082 1321 1199 1394 poetam
1221 1316 1276 1384 ito.

135 1435 201 1478 rum
236 1424 385 1496 repetere,
422 1435 479 1476 non
509 1418 576 1495 quia
594 1416 709 1477 similia
745 1436 824 1478 nunc
852 1419 996 1497 patiatur,
1023 1415 1081 1476 -sed
1112 1423 1143 1476 ut
1172 1411 1271 1487 vet'eris

136 1517 245 1577 doloris
274 1519 447 1578 memoriam
476 1536 543 1578 eum
566 1519 684 1578 Rattaro
708 1504 788 1579 socio
811 1517 923 1579 recolat
945 1527 1032 1595 atque
1055 1524 1193 1576 aeternae
1214 1536 1266 1584 me.

136 1621 247 1679 moriae
275 1626 340 1678 vota
368 1637 418 1680 sua
449 1619 644 1680 commendet*
666 1619 711 1696 (ci.
734 1638 760 1680 v.
783 1616 833 1680 25.
856 1616 917 1697 47).
928 1616 947 1696 1)
993 1635 1069 1694 ergo
1087 1635 1146 1678 non
1170 1616 1204 1677 ad
1225 1641 1261 1682 re·
1287 1640 1290 1645 ·

56 1706 59 1713 ¹
134 1720 260 1800 petenda
294 1721 324 1779 in
359 1719 463 1780 eodem
497 1721 628 1786 carmine
663 1740 718 1800 per
751 1720 872 1781 alteram
906 1718 1059 1798 stropham
1093 1718 1197 1780 similia
1227 1725 1259 1784 rel

136 1822 238 1884 eadem
260 1829 327 1882 vota
350 1820 524 1881 referendus
547 1829 592 1881 est
614 1841 639 1882 v.
665 1820 706 1883 14

287 1976 384 2015 rursus
406 1967 434 2015 et
455 1961 508 2016 hoe
529 1964 632 2017 iterum
654 1967 820 2032 repetemus
841 1962 949 2017 Battare
971 1977 1088 2022 carmen,

135 2209 229 2288 gemla
254 2228 327 2279 esse,
352 2209 404 2270 sed
426 2208 483 2270 hoe
507 2226 623 2286 quoque
639 2228 768 2277 carmen,
793 2209 821 2269 h.
839 2229 864 2270 e
882 2228 957 2289 quae
974 2211 1109 2289 sequitur
1124 2209 1254 2287 stropham

135 2313 205 2383 item
239 2321 272 2373 ut
299 2310 524 2372 antecedentem
555 2330 586 2371 se
615 2313 721 2372 iterum
752 2318 783 2370 ut
812 2311 880 2370 olim
911 2312 1052 2371 cecinerit
1079 2311 1255 2388 repetiturum

135 2431 200 2473 esse
237 2413 391 2492 promittit
447 2414 504 2472 iam
542 2419 698 2492 postquam
741 2411 871 2490 praediis
908 2412 1059 2474 universis
1090 2408 1255 2471 sterilitatem

135 2510 273 2592 (9-13),
298 2512 389 2573 malas
412 2532 524 2574 messes
547 2521 576 2574 et
598 2515 760 2575 siccitatem
779 2509 870 2590 (-15
875 2509 935 2590 19),
915 2512 1072 2590 lpestem
1096 2511 1257 2589 deniqueet

134 2617 231 2675 omnia
255 2621 347 2674 taetra
371 2611 514 2693 (eu-24)
538 2616 710 2692 inprecatus
733 2621 785 2683 est,
810 2614 916 2674 transit
937 2613 972 2675 ad
996 2612 1086 2672 silvae
1108 2613 1176 2680 iata,
1198 2629 1257 2690 quae

134 2715 186 2776 ubi
215 2734 304 2776 manu
333 2714 470 2775 militis'
462 2716 551 2793 impia
580 2716 694 2775 succisa
717 2715 821 2789 luerit
851 2734 888 2775 ne
911 2716 989 2775 arari
1012 2734 1026 2776 a
1050 2713 1157 2775 colono
1179 2712 1257 2774 solun

133 2817 237 2896 possit,
266 2824 404 2895 precatur
427 2823 459 2874 ut
481 2815 618 2875 incendio
642 2815 819 2894 conflagret,
850 2816 928 2895 quod
952 2816 1046 2876 ventis
1068 2815 1200 2876 inflatum
1220 2833 1259 2874 ec·

134 2926 195 2978 tera
220 2934 346 2996 quoque,
370 2917 444 2976 vites
467 2923 496 2975 et
517 2923 641 2994 segetes
665 2917 827 2978 comburat.
869 2919 951 2996 quasi
974 2917 1178 2978 circumclusit
1197 2915 1259 2976 hanc

134 3027 248 3098 partem
272 3014 415 3098 (26-46)
439 3026 526 3097 poeta
549 3018 646 3078 verbis
668 3036 743 3097 quae
767 3026 796 3079 et
818 3017 1045 3098 anteceduntp
1047 3014 1129 3097 ,25)
1155 3026 1184 3078 et
1203 3016 1259 3078 sub·

135 3119 334 3196 secuntur(v
358 3115 449 3196 47)
459 3119 501 3178 sic
529 3137 650 3196 precor:
681 3126 716 3178 et
745 3123 852 3180 nostris
880 3126 1024 3199 superent
1045 3120 1120 3180 lraec
1144 3100 1290 3180 carmina}

134 3222 238 3282 votis’.

218 3320 315 3381 Semel
338 3328 444 3389 autem,
469 3341 493 3380 v.
518 3317 560 3381 30
582 3324 780 3401 mesymnium
803 3322 927 3400 legimus

307 3476 357 3516 neo
380 3461 444 3516 milri
467 3477 547 3533 saepe
569 3477 658 3542 meum
682 3461 821 3518 resonabit
843 3463 950 3517 Battare
972 3477 1089 3524 carmen,

135 2127 194 2187 quo
222 2109 287 2187 ipso
318 2107 553 2178 demonstratur,
582 2126 641 2168 non
670 2110 829 2170 divisast
805 2117 914 2170 aterum
935 2112 1020 2170 aedes
1041 2127 1131 2189 supra
1154 2109 1254 2194 coniun·

1275 3150 1290 3619 d

134 3609 211 3687 quod
240 3626 296 3669 nec
323 3609 353 3667 in
382 3607 467 3669 libris
495 3616 576 3670 recte
604 3609 743 3670 traditum
772 3629 827 3670 nee
857 3609 893 3669 ab
920 3608 1135 3688 interpretibus
1157 3607 1259 3670 videtur
1273 3622 1290 3721 4

132 3711 203 3769 satis
230 3708 412 3770 intellectum
441 3727 514 3770 esse.
559 3711 686 3789 primum
716 3711 803 3789 quale
831 3728 951 3772 carmen
975 3710 1064 3771 dicit?
1093 3729 1153 3771 non
1178 3708 1290 3789 potest'

133 3812 169 3871 de
192 3809 249 3910 alio
270 3810 356 3871 facile
379 3812 502 3905 cogitari
525 3812 581 3871 nisi
604 3811 640 3871 de
663 3810 720 3872 hoc
741 3813 805 3890 ipso
828 3813 905 3890 quod
929 3811 1062 3891 legimus,
1087 3830 1147 3872 non
1171 3806 1290 3901 quale-‘24¹

201 4061 220 4125 ¹)
239 4062 322 4112 Haud
344 4062 440 4127 procul
459 4079 476 4112 e
492 4077 558 4113 vero
582 4063 673 4112 abfuit
691 4063 721 4117 Ο,
739 4062 885 4114 Putschius
904 4080 930 4129 p.
950 4065 996 4125 35,
1021 4078 1081 4113 cum
1106 4079 1217 4116 carmen
1233 4060 1260 4113 ab

131 4149 192 4212 ipso
216 4147 395 4212 compositum
417 4150 528 4212 poetam
550 4148 619 4197 diris
641 4147 844 4213 redintegrasse
866 4152 1012 4197 statueret.
1048 4147 1096 4197 sed
1115 4147 1188 4198 male
1206 4161 1262 4198 con·

130 4231 210 4292 iecit,
242 4231 343 4280 facturn
368 4247 400 4282 eo
423 4236 545 4296 tempore
568 4246 621 4296 qno
648 4236 751 4297 primus
773 4231 902 4282 tradendi
925 4232 1058 4281 militibus
1081 4234 1144 4297 egri
1161 4234 1264 4282 nuntius

132 4315 242 4366 adlatus
261 4319 335 4366 esset
352 4331 462 4366 carmen
480 4332 542 4367 mox
559 4317 588 4366 in
606 4317 666 4383 ipso
684 4317 809 4367 discessu
827 4317 862 4366 ab
882 4332 914 4367 eo
932 4321 1113 4367 retractatum
1133 4331 1203 4368 esse.
