2820 4770
143 265 181 333 18
588 284 841 334 enonaoouauon

140 465 410 519 commemorantur
438 459 525 518 situm
555 465 657 517 auctor
684 460 824 536 poematii
853 459 947 517 nostri
973 443 1080 536 parum
1110 455 1284 534 cognovisse

139 561 263 620 videtur.
306 562 336 619 in
360 560 464 619 eodem
494 561 598 619 merito
627 561 802 638 vituperavit
823 559 952 620 Noehius
976 559 1036 620 Cat.
1060 579 1090 638 p.
1113 555 1175 618 237
1200 557 1282 617 ‘lon

139 646 308 737 glaudinem
323 661 447 729 exordii,
472 660 624 721 doctrinae
647 663 873 735 ostentationem
896 668 955 720 tam
978 662 1009 719 iu
1033 660 1233 739 disputatione
1247 658 1281 717 de

139 761 256 840 ScylliS,
281 761 317 820 dc
340 761 555 832 Britomartide,
579 780 666 840 quam
690 761 906 842 geographicae
930 761 1105 822 eruditionis
1127 762 1231 839 copias
1252 761 1279 821 in

140 865 271 923 carmine
299 871 447 931 extremo,
477 863 606 940 denique
629 863 768 943 colloquii
791 863 905 942 Scyllae
929 881 996 923 cum
1019 863 1135 923 nutrice
1160 871 1189 922 et
1211 881 1277 941 que·

139 963 267 1024 relarum
291 963 420 1044 Scyllae,
451 963 520 1023 dum
543 963 683 1035 trabitur,
713 965 927 1043 longitudinem
950 973 1037 1041 atquo
1060 964 1275 1034 abundantiam,

137 1085 190 1143 per
223 1085 311 1146 quam
339 1067 372 1125 ht
400 1073 432 1124 ut
459 1066 534 1125 actio
565 1067 637 1144 ipsa,
673 1066 702 1125 l1.
727 1084 751 1126 e.
783 1067 898 1127 lacinus
926 1065 1040 1145 Scyllae
1073 1065 1273 1142 excidiumque

137 1167 289 1245 Megarae,
323 1160 509 1244 paucissimis
537 1165 703 1226 absolvatur
732 1175 762 1227 et
788 1170 872 1248 quasi
894 1167 1075 1228 delitescat’.
1119 1166 1172 1226 scd
1202 1166 1271 1228 idem

138 1269 271 1346 egregios
299 1269 329 1326 in
352 1267 539 1327 sermonibus
563 1268 676 1347 Scyllae
704 1269 825 1329 allectus
848 1277 877 1328 et
905 1269 964 1329 stili
988 1268 1162 1346 elegantiam
1186 1268 1270 1338 multo
1309 1258 1312 1265 ¹

138 1371 279 1430 maiorem
302 1386 388 1445 quam
410 1369 441 1427 in
465 1367 558 1429 culice
581 1367 716 1429 laudavit.
750 1387 927 1448 quamquam
951 1369 995 1429 vel
1017 1371 1048 1429 in
1069 1367 1195 1445 singulis
1210 1382 1270 1431 sunt

137 1489 212 1548 quae
239 1468 360 1549 probari
389 1486 448 1528 non
476 1471 603 1548 possint:
635 1492 660 1531 e.
686 1489 712 1549 g.
738 1472 817 1550 quod
840 1490 866 1529 v.
891 1467 933 1531 84
960 1475 1114 1530 ‘votorum
1144 1478 1268 1533 avertere
1298 1512 1301 1517 -

137 1573 282 1650 poenam'
305 1590 375 1631 ausa
398 1571 506 1631 dicitur
529 1588 602 1648 quac
626 1571 724 1632 debita
748 1572 886 1632 mercede
903 1573 1049 1632 Venerem
1068 1571 1223 1640 fraudavit,
1245 1584 1267 1633 et

138 1693 164 1732 v.
188 1670 251 1733 320
278 1672 457 1733 ‘candentes
481 1720 487 1731 .
513 1719 519 1731 .
546 1719 552 1731 .
578 1677 694 1733 canos'.
746 1673 783 1732 de
812 1672 1024 1752 particularum
1052 1691 1105 1733 usu
1136 1672 1265 1735 alienon
1292 1668 1297 1679 ’

136 1773 350 1834 consuetudine
372 1773 540 1851 Vergiliana
564 1774 599 1835 cl.
625 1775 763 1834 lacobum
787 1775 822 1834 ad
847 1775 934 1852 Prop.
960 1794 987 1853 p.
1014 1771 1073 1835 165
1088 1792 1132 1851 sq.
1157 1776 1198 1850 (in
1220 1769 1285 1834 Sil?

137 1875 196 1954 ligii
220 1876 364 1953 epimotro
386 1893 413 1953 p.
439 1871 499 1935 143
521 1875 576 1954 sq.)
601 1884 630 1936 et
652 1876 810 1955 Hauptium
832 1876 910 1936 obss.
936 1878 1012 1936 critt.
1035 1896 1063 1955 p.
1087 1873 1129 1936 48

221 2179 341 2241 Nullum
366 2196 400 2239 ex
424 2179 561 2240 omnibus
588 2178 739 2258 opusculis
771 2187 915 2260 quotquot
942 2181 1079 2241 seruntur
1101 2177 1265 2257 Vergilianis

135 2283 374 2343 testimoniorum
403 2283 545 2358 gravitate
574 2283 685 2342 certius
707 2281 820 2343 Maroni
844 2283 1006 2342 vindicatur
1029 2300 1117 2359 quam
1147 2283 1262 2342 doleo.

134 2386 218 2443 cuius
241 2390 359 2459 praeter
381 2400 490 2442 annum
513 2384 634 2459 originis
657 2390 862 2460 argumentum
886 2385 975 2443 etiam
992 2383 1132 2444 Suetonio
1154 2389 1265 2443 auctore

135 2483 293 2543 adumbrat
315 2482 445 2542 bonatus
467 2485 498 2541 ln
521 2485 578 2542 vita
601 2502 629 2562 p.
653 2480 749 2544 581³.
772 2483 830 2544 talo
853 2483 938 2561 qualo
961 2502 1041 2544 nunc
1064 2483 1188 2561 legimus
1210 2501 1264 2543 ver·

135 2584 216 2644 sibus
240 2592 428 2643 exornatum:
453 2582 614 2644 ‘culicem'
639 2585 770 2663 (scripsit
784 2584 950 2663 Vergilius),
975 2591 1061 2645 ‘eum
1084 2591 1162 2645 esset
1183 2602 1266 2644 anno

135 2704 201 2745 rum
224 2685 287 2745 XVl
318 2684 377 2764 (XV
399 2685 525 2764 Scap),
559 2687 644 2745 cuius
672 2687 794 2746 materia
823 2686 888 2746 talis
917 2693 974 2746 ost:
1008 2694 1110 2765 pastor
1137 2686 1268 2764 fatigatus
1308 2668 1312 2739 ¹:

134 2795 215 2845 aestu
249 2805 318 2846 cum
351 2784 407 2844 sub
440 2785 547 2845 arbore
581 2787 797 2847 condormissct
825 2794 854 2847 et
880 2805 1004 2866 serpens
1032 2787 1067 2846 ad
1096 2785 1179 2847 illum
1206 2805 1268 2864 pro·

134 2894 254 2964 reperet
276 2905 291 2945 o
314 2884 436 2964 palude,
466 2888 552 2947 culex
574 2886 737 2966 provolavit
759 2896 846 2967 alque
867 2891 945 2948 iuter
968 2889 1027 2948 duo
1050 2895 1183 2967 tempora
1206 2907 1268 2947 acu·

134 2986 212 3046 lcum
235 2987 297 3046 fixit
318 2990 436 3066 pastori.
484 2987 584 3047 atille
606 2990 746 3048 continuo
769 2989 893 3049 culicem
916 2991 1026 3050 attrivit
1054 2997 1083 3048 et
1104 2997 1268 3068 serpentem

133 3089 285 3147 interemit
306 3107 340 3148 ac
362 3086 552 3166 sepulchrum
576 3088 662 3149 culici
684 3092 785 3150 statuit
799 3101 828 3150 et
844 3090 990 3150 distichon
1009 3091 1077 3150 lecit
1094 3086 1170 3168 [413
1186 3088 1268 3170 sql’.

71 3218 74 3224 ,
133 3206 200 3248 nam
224 3188 301 3267 qnod
324 3191 471 3249 somnium
494 3192 637 3269 pastoris,
661 3193 750 3251 visam
774 3190 875 3253 culicis
898 3192 1032 3252 umbram
1056 3193 1178 3269 eiusque
1201 3209 1269 3268 que-

131 3288 219 3349 rellas
243 3298 272 3350 et
286 3289 403 3350 Tartari
426 3291 656 3370 descriptionem
679 3302 838 3372 excerptor
861 3311 1006 3354 summam
1030 3293 1173 3354 historiae
1189 3311 1271 3373 spec·

133 3401 199 3450 tans
222 3393 335 3465 omisit,
365 3391 637 3470 prudentinomini
661 3392 872 3454 dubitationem
895 3393 1032 3454 movebit.
1071 3393 1163 3454 multo
1185 3395 1270 3454 etiam

133 3492 252 3552 brevius
273 3491 367 3552 Fooas
390 3510 415 3552 r.
439 3488 481 3552 60
508 3492 594 3552 ‘hinc
623 3493 725 3555 culicis
756 3497 837 3556 tenui
865 3496 991 3575 prolusit
1022 3495 1125 3555 lunera
1154 3499 1269 3564 versu’,

132 3590 293 3670 inquibus
315 3596 448 3669 prolusit
475 3593 598 3654 verbum
621 3602 654 3655 ut
674 3595 769 3655 simile
798 3596 1010 3675 ‘praeluserit'
1039 3614 1055 3655 a
1079 3594 1172 3656 Statio
1195 3598 1271 3675 posi·

132 3700 195 3752 tum
218 3694 248 3751 in
275 3694 367 3771 prael.
392 3694 427 3754 ad
450 3694 589 3756 silvarum
612 3695 662 3755 lib.
687 3695 698 3754 l
727 3695 795 3756 ‘sed
820 3705 849 3757 et
871 3697 995 3757 culicem
1023 3695 1147 3774 legimus
1170 3705 1200 3758 et
1223 3696 1271 3757 ba·

132 3792 448 3872 trachomyomachiam
472 3797 558 3856 etiam
582 3798 777 3875 agnoscimus,
802 3814 857 3858 nec
880 3800 1036 3874 quisquam
1054 3805 1097 3857 est
1111 3796 1273 3858 illustrium

131 3901 301 3974 poctarum,
331 3896 381 3972 qui
403 3915 462 3956 non
486 3894 596 3973 aliquid
619 3898 759 3977 operibus
781 3899 841 3959 suis
864 3897 931 3957 stilo
954 3899 1124 3958 remissiore
1144 3901 1276 3974 proelu-

131 3996 219 4054 serit’
249 3992 325 4071 (coll.
348 3993 452 4055 culicis
474 4014 499 4054 r.
526 3993 553 4054 1.
577 3993 606 4056 3.
631 3994 681 4075 35)
706 4002 899 4073 prolationes
928 4017 1001 4075 quas
1028 3998 1186 4059 Diomedes
1209 3999 1228 4058 l.
1252 3999 1276 4060 l.

131 4093 231 4154 laudat
265 4095 387 4173 Vergilii
425 4097 454 4156 in
488 4099 661 4158 memoriam
697 4108 816 4160 revocat
860 4100 906 4179 (cl.
937 4098 1066 4160 Naekius
1098 4102 1127 4160 in
1161 4100 1282 4161 Catone

132 4214 160 4274 p.
183 4192 266 4269 224).
305 4199 386 4257 novit
407 4215 511 4276 poema
535 4199 598 4259 eius
621 4197 744 4259 culicem
766 4199 916 4270 Lucanus,
947 4202 996 4280 qui
1018 4203 1064 4260 ‘in
1087 4200 1292 4279 praelatione

132 4295 257 4376 quadam
286 4305 412 4358 aetatem
441 4306 469 4358 ot
497 4301 578 4359 initia
607 4319 659 4360 sua
682 4319 748 4361 cum
772 4301 901 4378 Vergilio
924 4319 1099 4380 comparans
1122 4319 1212 4362 ausus
1235 4303 1312 4362 sit.
