<?xml version="1.0" encoding="UTF-8"?>
<!DOCTYPE html PUBLIC "-//W3C//DTD XHTML 1.0 Transitional//EN"
    "http://www.w3.org/TR/xhtml1/DTD/xhtml1-transitional.dtd">
<html xmlns="http://www.w3.org/1999/xhtml" xml:lang="en" lang="en">
 <head>
  <title>
</title>
<meta http-equiv="Content-Type" content="text/html;charset=utf-8" />
  <meta name='ocr-system' content='tesseract 3.04.00' />
  <meta name='ocr-capabilities' content='ocr_page ocr_carea ocr_par ocr_line ocrx_word'/>
</head>
<body>
  <div class='ocr_page' id='page_1' title='image "./opera07virggoog_0015.png"; bbox 0 0 2820 4770; ppageno 0'>
   <div class='ocr_carea' id='block_1_1' title="bbox 203 266 881 320">
    <p class='ocr_par' dir='ltr' id='par_1_1' title="bbox 203 266 881 320">
     <span class='ocr_line' id='line_1_1' title="bbox 203 266 881 320; baseline 0.007 -7"><span class='ocrx_word' id='word_1_1' title='bbox 203 266 268 313; x_wconf 88' lang='lat' dir='ltr'>VIII</span> <span class='ocrx_word' id='word_1_2' title='bbox 673 271 881 320; x_wconf 79' lang='lat' dir='ltr'>PRAEFATIO.</span> 
     </span>
    </p>
   </div>
   <div class='ocr_carea' id='block_1_2' title="bbox 202 435 1349 729">
    <p class='ocr_par' dir='ltr' id='par_1_2' title="bbox 202 435 1349 729">
     <span class='ocr_line' id='line_1_2' title="bbox 202 435 1346 529; baseline 0.001 -30"><span class='ocrx_word' id='word_1_3' title='bbox 202 457 300 520; x_wconf 87' lang='lat' dir='ltr'><strong>posse</strong></span> <span class='ocrx_word' id='word_1_4' title='bbox 323 436 534 505; x_wconf 86' lang='lat' dir='ltr'><strong>existimaret.</strong></span> <span class='ocrx_word' id='word_1_5' title='bbox 578 444 728 529; x_wconf 89' lang='lat' dir='ltr'><strong>excerpsi</strong></span> <span class='ocrx_word' id='word_1_6' title='bbox 751 451 859 506; x_wconf 87' lang='lat' dir='ltr'><strong>autem</strong></span> <span class='ocrx_word' id='word_1_7' title='bbox 881 440 1022 522; x_wconf 88' lang='lat' dir='ltr'><strong>omissis,</strong></span> <span class='ocrx_word' id='word_1_8' title='bbox 1046 448 1082 504; x_wconf 91' lang='lat' dir='ltr'><strong>ut</strong></span> <span class='ocrx_word' id='word_1_9' title='bbox 1103 439 1139 502; x_wconf 94' lang='lat' dir='ltr'><strong>in</strong></span> <span class='ocrx_word' id='word_1_10' title='bbox 1159 437 1221 502; x_wconf 89' lang='lat' dir='ltr'><strong>hoc</strong></span> <span class='ocrx_word' id='word_1_11' title='bbox 1243 435 1346 519; x_wconf 90' lang='lat' dir='ltr'><strong>serip-</strong></span> 
     </span>
     <span class='ocr_line' id='line_1_3' title="bbox 203 537 1347 628; baseline -0.003 -27"><span class='ocrx_word' id='word_1_12' title='bbox 203 546 310 601; x_wconf 90' lang='lat' dir='ltr'><strong>torum</strong></span> <span class='ocrx_word' id='word_1_13' title='bbox 336 561 455 623; x_wconf 78' lang='lat' dir='ltr'><strong>genere</strong></span> <span class='ocrx_word' id='word_1_14' title='bbox 483 562 542 627; x_wconf 86' lang='lat' dir='ltr'><strong>par</strong></span> <span class='ocrx_word' id='word_1_15' title='bbox 571 552 635 627; x_wconf 88' lang='lat' dir='ltr'><strong>est,</strong></span> <span class='ocrx_word' id='word_1_16' title='bbox 664 543 856 628; x_wconf 80' lang='lat' dir='ltr'>vulgaribus</span> <span class='ocrx_word' id='word_1_17' title='bbox 887 539 1137 626; x_wconf 82' lang='lat' dir='ltr'><strong>orthographiae</strong></span> <span class='ocrx_word' id='word_1_18' title='bbox 1160 537 1347 622; x_wconf 88' lang='lat' dir='ltr'><strong>discrepan-</strong></span> 
     </span>
     <span class='ocr_line' id='line_1_4' title="bbox 205 637 1349 729; baseline -0.001 -29"><span class='ocrx_word' id='word_1_19' title='bbox 205 637 260 702; x_wconf 85' lang='lat' dir='ltr'><strong>tiis</strong></span> <span class='ocrx_word' id='word_1_20' title='bbox 289 640 519 728; x_wconf 87' lang='lat' dir='ltr'><strong>erroribusque</strong></span> <span class='ocrx_word' id='word_1_21' title='bbox 545 641 673 710; x_wconf 88' lang='lat' dir='ltr'><strong>librarii</strong></span> <span class='ocrx_word' id='word_1_22' title='bbox 706 643 888 709; x_wconf 87' lang='lat' dir='ltr'><strong>manifestis</strong></span> <span class='ocrx_word' id='word_1_23' title='bbox 917 665 1001 729; x_wconf 90' lang='lat' dir='ltr'><strong>quae</strong></span> <span class='ocrx_word' id='word_1_24' title='bbox 1022 639 1172 705; x_wconf 88' lang='lat' dir='ltr'><strong>Muelleri</strong></span> <span class='ocrx_word' id='word_1_25' title='bbox 1194 638 1291 725; x_wconf 86' lang='lat' dir='ltr'><strong>culpa</strong></span> <span class='ocrx_word' id='word_1_26' title='bbox 1312 639 1349 700; x_wconf 93' lang='lat' dir='ltr'><strong>in</strong></span> 
     </span>
    </p>
   </div>
   <div class='ocr_carea' id='block_1_3' title="bbox 205 737 1349 909">
    <p class='ocr_par' dir='ltr' id='par_1_3' title="bbox 205 737 1349 909">
     <span class='ocr_line' id='line_1_5' title="bbox 205 737 1349 812; baseline -0.002 -10"><span class='ocrx_word' id='word_1_27' title='bbox 205 737 418 807; x_wconf 77' lang='lat' dir='ltr'><strong>adnotatione</strong></span> <span class='ocrx_word' id='word_1_28' title='bbox 445 764 518 809; x_wconf 89' lang='lat' dir='ltr'><strong>mea</strong></span> <span class='ocrx_word' id='word_1_29' title='bbox 545 745 660 812; x_wconf 86' lang='lat' dir='ltr'><strong>critica</strong></span> <span class='ocrx_word' id='word_1_30' title='bbox 688 745 742 811; x_wconf 87' lang='lat' dir='ltr'><strong>vel</strong></span> <span class='ocrx_word' id='word_1_31' title='bbox 770 745 888 810; x_wconf 87' lang='lat' dir='ltr'><strong>dosunt</strong></span> <span class='ocrx_word' id='word_1_32' title='bbox 910 742 964 810; x_wconf 87' lang='lat' dir='ltr'><strong>vel</strong></span> <span class='ocrx_word' id='word_1_33' title='bbox 985 743 1092 807; x_wconf 89' lang='lat' dir='ltr'><strong>minus</strong></span> <span class='ocrx_word' id='word_1_34' title='bbox 1114 749 1202 806; x_wconf 89' lang='lat' dir='ltr'><strong>recte</strong></span> <span class='ocrx_word' id='word_1_35' title='bbox 1224 738 1349 806; x_wconf 86' lang='lat' dir='ltr'><strong>tradita</strong></span> 
     </span>
     <span class='ocr_line' id='line_1_6' title="bbox 206 842 399 909; baseline 0.031 -6"><span class='ocrx_word' id='word_1_36' title='bbox 206 849 283 905; x_wconf 90' lang='lat' dir='ltr'><strong>sunt</strong></span> <span class='ocrx_word' id='word_1_37' title='bbox 303 842 399 909; x_wconf 92' lang='lat' dir='ltr'><strong>haec:</strong></span> 
     </span>
    </p>
   </div>
   <div class='ocr_carea' id='block_1_4' title="bbox 222 976 1394 2381">
    <p class='ocr_par' dir='ltr' id='par_1_4' title="bbox 222 976 1394 2381">
     <span class='ocr_line' id='line_1_7' title="bbox 356 976 1394 1070; baseline 0 -28"><span class='ocrx_word' id='word_1_38' title='bbox 356 977 393 1043; x_wconf 95' lang='lat' dir='ltr'><strong>II</strong></span> <span class='ocrx_word' id='word_1_39' title='bbox 417 981 458 1044; x_wconf 90' lang='grc'><strong>10</strong></span> <span class='ocrx_word' id='word_1_40' title='bbox 477 986 641 1068; x_wconf 87' lang='lat' dir='ltr'><strong>receptos]</strong></span> <span class='ocrx_word' id='word_1_41' title='bbox 665 991 773 1067; x_wconf 83' lang='lat' dir='ltr'><strong>reptos</strong></span> <span class='ocrx_word' id='word_1_42' title='bbox 797 982 832 1068; x_wconf 76' lang='lat' dir='ltr'><strong>(i.</strong></span> <span class='ocrx_word' id='word_1_43' title='bbox 848 1003 874 1046; x_wconf 88' lang='lat' dir='ltr'><strong>c.</strong></span> <span class='ocrx_word' id='word_1_44' title='bbox 898 981 1061 1067; x_wconf 85' lang='lat' dir='ltr'><strong>repertos)</strong></span> <span class='ocrx_word' id='word_1_45' title='bbox 1147 978 1201 1042; x_wconf 91' lang='lat' dir='ltr'><strong>III</strong></span> <span class='ocrx_word' id='word_1_46' title='bbox 1222 979 1243 1040; x_wconf 93' lang='grc'>4</span> <span class='ocrx_word' id='word_1_47' title='bbox 1265 976 1349 1058; x_wconf 84' lang='lat' dir='ltr'><strong>Ani]</strong></span> <span class='ocrx_word' id='word_1_48' title='bbox 1391 1058 1394 1070; x_wconf 34' lang='grc' dir='ltr'>Ι</span> 
     </span>
     <span class='ocr_line' id='line_1_8' title="bbox 291 1080 1285 1169; baseline 0 -27"><span class='ocrx_word' id='word_1_49' title='bbox 291 1080 359 1143; x_wconf 89' lang='lat' dir='ltr'><strong>anii</strong></span> <span class='ocrx_word' id='word_1_50' title='bbox 421 1081 442 1146; x_wconf 81' lang='lat'>5</span> <span class='ocrx_word' id='word_1_51' title='bbox 464 1090 576 1147; x_wconf 79' lang='lat' dir='ltr'><strong>rursus</strong></span> <span class='ocrx_word' id='word_1_52' title='bbox 606 1082 720 1169; x_wconf 83' lang='lat' dir='ltr'><strong>(deleta</strong></span> <span class='ocrx_word' id='word_1_53' title='bbox 740 1089 822 1148; x_wconf 81' lang='lat' dir='ltr'><strong>liuca</strong></span> <span class='ocrx_word' id='word_1_54' title='bbox 850 1105 930 1162; x_wconf 79' lang='lat' dir='ltr'><strong>quac</strong></span> <span class='ocrx_word' id='word_1_55' title='bbox 950 1102 1046 1162; x_wconf 85' lang='lat' dir='ltr'><strong>supra</strong></span> <span class='ocrx_word' id='word_1_56' title='bbox 1069 1104 1091 1144; x_wconf 91' lang='lat' dir='ltr'><strong>u</strong></span> <span class='ocrx_word' id='word_1_57' title='bbox 1113 1086 1205 1145; x_wconf 84' lang='lat' dir='ltr'><strong>ducta</strong></span> <span class='ocrx_word' id='word_1_58' title='bbox 1227 1080 1285 1163; x_wconf 86' lang='lat' dir='ltr'><strong>cst)</strong></span> 
     </span>
     <span class='ocr_line' id='line_1_9' title="bbox 292 1178 1356 1268; baseline -0.003 -25"><span class='ocrx_word' id='word_1_59' title='bbox 292 1178 312 1244; x_wconf 84' lang='lat'><strong>9</strong></span> <span class='ocrx_word' id='word_1_60' title='bbox 333 1190 483 1267; x_wconf 87' lang='lat' dir='ltr'><strong>receptus</strong></span> <span class='ocrx_word' id='word_1_61' title='bbox 512 1184 704 1268; x_wconf 77' lang='lat' dir='ltr'><strong>(compendio</strong></span> <span class='ocrx_word' id='word_1_62' title='bbox 726 1190 810 1265; x_wconf 82' lang='lat' dir='ltr'><strong>quod</strong></span> <span class='ocrx_word' id='word_1_63' title='bbox 828 1189 907 1266; x_wconf 78' lang='lat' dir='ltr'><strong>typis</strong></span> <span class='ocrx_word' id='word_1_64' title='bbox 929 1190 1045 1247; x_wconf 76' lang='lat' dir='ltr'><strong>imitari</strong></span> <span class='ocrx_word' id='word_1_65' title='bbox 1070 1203 1131 1246; x_wconf 86' lang='lat' dir='ltr'><strong>aaa</strong></span> <span class='ocrx_word' id='word_1_66' title='bbox 1153 1187 1266 1258; x_wconf 82' lang='lat' dir='ltr'><strong>audeo,</strong></span> <span class='ocrx_word' id='word_1_67' title='bbox 1298 1181 1356 1242; x_wconf 80' lang='lat' dir='ltr'><strong>scd</strong></span> 
     </span>
     <span class='ocr_line' id='line_1_10' title="bbox 222 1280 1293 1370; baseline 0.001 -26"><span class='ocrx_word' id='word_1_68' title='bbox 222 1292 225 1296; x_wconf 83' lang='lat'>&#39;</span> <span class='ocrx_word' id='word_1_69' title='bbox 287 1285 467 1370; x_wconf 80' lang='lat' dir='ltr'><strong>perspicuo)</strong></span> <span class='ocrx_word' id='word_1_70' title='bbox 553 1286 603 1351; x_wconf 92' lang='lat' dir='ltr'>IV</span> <span class='ocrx_word' id='word_1_71' title='bbox 626 1289 645 1352; x_wconf 91' lang='lat'>8</span> <span class='ocrx_word' id='word_1_72' title='bbox 672 1288 731 1352; x_wconf 67' lang='lat' dir='ltr'><strong>fau</strong></span> <span class='ocrx_word' id='word_1_73' title='bbox 794 1285 951 1370; x_wconf 84' lang='lat' dir='ltr'><strong>9puram</strong></span> <span class='ocrx_word' id='word_1_74' title='bbox 974 1284 1011 1367; x_wconf 89' lang='lat' dir='ltr'><strong>(u</strong></span> <span class='ocrx_word' id='word_1_75' title='bbox 1025 1305 1064 1347; x_wconf 86' lang='lat' dir='ltr'><strong>ru.</strong></span> <span class='ocrx_word' id='word_1_76' title='bbox 1080 1283 1101 1346; x_wconf 78' lang='lat'>2</span> <span class='ocrx_word' id='word_1_77' title='bbox 1116 1280 1198 1347; x_wconf 80' lang='lat' dir='ltr'><strong>corr.</strong></span> <span class='ocrx_word' id='word_1_78' title='bbox 1214 1289 1246 1345; x_wconf 85' lang='lat' dir='ltr'><strong>iu</strong></span> <span class='ocrx_word' id='word_1_79' title='bbox 1260 1280 1293 1365; x_wconf 86' lang='lat' dir='ltr'>I)</span> 
     </span>
     <span class='ocr_line' id='line_1_11' title="bbox 293 1377 1356 1471; baseline -0.003 -26"><span class='ocrx_word' id='word_1_80' title='bbox 293 1381 325 1445; x_wconf 88' lang='lat' dir='ltr'>V</span> <span class='ocrx_word' id='word_1_81' title='bbox 346 1383 368 1445; x_wconf 89' lang='lat'>4</span> <span class='ocrx_word' id='word_1_82' title='bbox 388 1382 548 1471; x_wconf 72' lang='lat' dir='ltr'><strong>Prodigia</strong></span> <span class='ocrx_word' id='word_1_83' title='bbox 566 1395 616 1452; x_wconf 88' lang='lat' dir='ltr'><strong>est</strong></span> <span class='ocrx_word' id='word_1_84' title='bbox 680 1385 906 1470; x_wconf 58' lang='lat' dir='ltr'><strong>8m6strat*(“</strong></span> <span class='ocrx_word' id='word_1_85' title='bbox 927 1407 966 1449; x_wconf 86' lang='lat' dir='ltr'><strong>ru.</strong></span> <span class='ocrx_word' id='word_1_86' title='bbox 982 1385 1017 1468; x_wconf 81' lang='grc'><strong>2)</strong></span> <span class='ocrx_word' id='word_1_87' title='bbox 1089 1383 1159 1448; x_wconf 88' lang='lat' dir='ltr'><strong>VII</strong></span> <span class='ocrx_word' id='word_1_88' title='bbox 1182 1385 1198 1445; x_wconf 91' lang='lat'>1</span> <span class='ocrx_word' id='word_1_89' title='bbox 1223 1377 1356 1466; x_wconf 86' lang='lat' dir='ltr'><strong>sepelit,</strong></span> 
     </span>
     <span class='ocr_line' id='line_1_12' title="bbox 294 1482 1275 1568; baseline -0.002 -22"><span class='ocrx_word' id='word_1_90' title='bbox 294 1485 378 1567; x_wconf 91' lang='lat' dir='ltr'><strong>tum]</strong></span> <span class='ocrx_word' id='word_1_91' title='bbox 403 1485 531 1551; x_wconf 81' lang='lat' dir='ltr'><strong>tumult.</strong></span> <span class='ocrx_word' id='word_1_92' title='bbox 598 1489 617 1552; x_wconf 91' lang='lat'>8</span> <span class='ocrx_word' id='word_1_93' title='bbox 639 1482 712 1553; x_wconf 63' lang='lat' dir='ltr'><strong>Res</strong></span> <span class='ocrx_word' id='word_1_94' title='bbox 735 1488 804 1552; x_wconf 90' lang='lat' dir='ltr'><strong>edit</strong></span> <span class='ocrx_word' id='word_1_95' title='bbox 825 1488 920 1551; x_wconf 86' lang='lat' dir='ltr'><strong>furiis</strong></span> <span class='ocrx_word' id='word_1_96' title='bbox 946 1486 978 1568; x_wconf 86' lang='lat' dir='ltr'><strong>(c</strong></span> <span class='ocrx_word' id='word_1_97' title='bbox 999 1507 1156 1565; x_wconf 79' lang='lat' dir='ltr'><strong>suprascr.</strong></span> <span class='ocrx_word' id='word_1_98' title='bbox 1179 1505 1218 1547; x_wconf 86' lang='lat' dir='ltr'><strong>ra.</strong></span> <span class='ocrx_word' id='word_1_99' title='bbox 1240 1482 1275 1564; x_wconf 78' lang='grc'><strong>2)</strong></span> 
     </span>
     <span class='ocr_line' id='line_1_13' title="bbox 293 1583 1358 1672; baseline -0.003 -24"><span class='ocrx_word' id='word_1_100' title='bbox 293 1583 382 1648; x_wconf 92' lang='lat' dir='ltr'>VIII</span> <span class='ocrx_word' id='word_1_101' title='bbox 402 1586 423 1649; x_wconf 85' lang='lat'>3</span> <span class='ocrx_word' id='word_1_102' title='bbox 445 1586 563 1652; x_wconf 80' lang='lat' dir='ltr'><strong>ausiliti</strong></span> <span class='ocrx_word' id='word_1_103' title='bbox 622 1589 776 1656; x_wconf 70' lang='lat' dir='ltr'><strong>btenete</strong></span> <span class='ocrx_word' id='word_1_104' title='bbox 833 1588 954 1653; x_wconf 79' lang='lat' dir='ltr'><strong>&#39;lfatri</strong></span> <span class='ocrx_word' id='word_1_105' title='bbox 976 1588 1019 1672; x_wconf 86' lang='lat' dir='ltr'><strong>(ri</strong></span> <span class='ocrx_word' id='word_1_106' title='bbox 1042 1587 1115 1671; x_wconf 81' lang='lat' dir='ltr'><strong>dcl.)</strong></span> <span class='ocrx_word' id='word_1_107' title='bbox 1180 1583 1234 1647; x_wconf 84' lang='lat' dir='ltr'>IX</span> <span class='ocrx_word' id='word_1_108' title='bbox 1256 1583 1276 1646; x_wconf 88' lang='grc'>8</span> <span class='ocrx_word' id='word_1_109' title='bbox 1299 1590 1358 1666; x_wconf 73' lang='lat' dir='ltr'><strong>pai·</strong></span> 
     </span>
     <span class='ocr_line' id='line_1_14' title="bbox 296 1685 1358 1776; baseline -0.005 -26"><span class='ocrx_word' id='word_1_110' title='bbox 296 1685 400 1750; x_wconf 91' lang='lat' dir='ltr'><strong>doron</strong></span> <span class='ocrx_word' id='word_1_111' title='bbox 459 1687 499 1752; x_wconf 88' lang='grc'><strong>10</strong></span> <span class='ocrx_word' id='word_1_112' title='bbox 519 1688 668 1776; x_wconf 73' lang='lat' dir='ltr'><strong>fatigata</strong></span> <span class='ocrx_word' id='word_1_113' title='bbox 738 1691 861 1772; x_wconf 86' lang='lat' dir='ltr'><strong>castra]</strong></span> <span class='ocrx_word' id='word_1_114' title='bbox 885 1697 958 1752; x_wconf 89' lang='lat' dir='ltr'><strong>tuta</strong></span> <span class='ocrx_word' id='word_1_115' title='bbox 1022 1686 1075 1750; x_wconf 90' lang='lat' dir='ltr'><strong>XI</strong></span> <span class='ocrx_word' id='word_1_116' title='bbox 1097 1688 1117 1750; x_wconf 81' lang='lat'>9</span> <span class='ocrx_word' id='word_1_117' title='bbox 1139 1686 1220 1767; x_wconf 85' lang='lat' dir='ltr'><strong>ieta]</strong></span> <span class='ocrx_word' id='word_1_118' title='bbox 1244 1686 1358 1768; x_wconf 51' lang='lat' dir='ltr'><strong>ipsffa</strong></span> 
     </span>
     <span class='ocr_line' id='line_1_15' title="bbox 300 1775 1358 1876; baseline -0.003 -26"><span class='ocrx_word' id='word_1_119' title='bbox 300 1787 329 1870; x_wconf 87' lang='lat' dir='ltr'><strong>(s</strong></span> <span class='ocrx_word' id='word_1_120' title='bbox 350 1791 486 1865; x_wconf 82' lang='lat' dir='ltr'><strong>fortasse</strong></span> <span class='ocrx_word' id='word_1_121' title='bbox 507 1810 588 1855; x_wconf 90' lang='lat' dir='ltr'><strong>carr.</strong></span> <span class='ocrx_word' id='word_1_122' title='bbox 613 1813 653 1856; x_wconf 82' lang='lat' dir='ltr'><strong>aa</strong></span> <span class='ocrx_word' id='word_1_123' title='bbox 674 1793 701 1876; x_wconf 92' lang='lat' dir='ltr'><strong>t)</strong></span> <span class='ocrx_word' id='word_1_124' title='bbox 790 1795 1000 1856; x_wconf 75' lang='lat' dir='ltr'><strong>Monostichou</strong></span> <span class='ocrx_word' id='word_1_125' title='bbox 1022 1788 1039 1851; x_wconf 95' lang='lat' dir='ltr'>I</span> <span class='ocrx_word' id='word_1_126' title='bbox 1061 1811 1088 1852; x_wconf 87' lang='lat' dir='ltr'><strong>o.</strong></span> <span class='ocrx_word' id='word_1_127' title='bbox 1111 1787 1132 1851; x_wconf 79' lang='lat'>5</span> <span class='ocrx_word' id='word_1_128' title='bbox 1153 1785 1248 1850; x_wconf 90' lang='lat' dir='ltr'><strong>ludos</strong></span> <span class='ocrx_word' id='word_1_129' title='bbox 1271 1775 1358 1866; x_wconf 72' lang='lat' dir='ltr'><strong>duos</strong></span> 
     </span>
     <span class='ocr_line' id='line_1_16' title="bbox 296 1888 1360 1973; baseline -0.003 -23"><span class='ocrx_word' id='word_1_130' title='bbox 296 1888 512 1955; x_wconf 77' lang='lat' dir='ltr'><strong>cocelebrar&amp;</strong></span> <span class='ocrx_word' id='word_1_131' title='bbox 530 1938 640 1957; x_wconf 90' lang='grc'><strong>.....</strong></span> <span class='ocrx_word' id='word_1_132' title='bbox 664 1899 768 1958; x_wconf 77' lang='lat' dir='ltr'><strong>deletis</strong></span> <span class='ocrx_word' id='word_1_133' title='bbox 796 1899 927 1973; x_wconf 75' lang='lat' dir='ltr'><strong>quiaque</strong></span> <span class='ocrx_word' id='word_1_134' title='bbox 958 1896 1078 1967; x_wconf 78' lang='lat' dir='ltr'><strong>littaris,</strong></span> <span class='ocrx_word' id='word_1_135' title='bbox 1113 1908 1242 1968; x_wconf 79' lang='lat' dir='ltr'><strong>quarum</strong></span> <span class='ocrx_word' id='word_1_136' title='bbox 1275 1892 1360 1950; x_wconf 84' lang='lat' dir='ltr'><strong>duae</strong></span> 
     </span>
     <span class='ocr_line' id='line_1_17' title="bbox 298 1992 1039 2075; baseline 0 -22"><span class='ocrx_word' id='word_1_137' title='bbox 298 1996 420 2054; x_wconf 81' lang='lat' dir='ltr'><strong>ultimae</strong></span> <span class='ocrx_word' id='word_1_138' title='bbox 441 1997 581 2057; x_wconf 80' lang='lat' dir='ltr'><strong>rideatur</strong></span> <span class='ocrx_word' id='word_1_139' title='bbox 599 1997 698 2071; x_wconf 80' lang='lat' dir='ltr'><strong>fuisse</strong></span> <span class='ocrx_word' id='word_1_140' title='bbox 719 1997 760 2058; x_wconf 70' lang='lat' dir='ltr'><strong>es&#39;</strong></span> <span class='ocrx_word' id='word_1_141' title='bbox 819 1994 839 2057; x_wconf 90' lang='grc'><strong>9</strong></span> <span class='ocrx_word' id='word_1_142' title='bbox 862 1992 945 2075; x_wconf 83' lang='lat' dir='ltr'><strong>dux]</strong></span> <span class='ocrx_word' id='word_1_143' title='bbox 968 2013 1039 2054; x_wconf 83' lang='lat' dir='ltr'><strong>rex.</strong></span> 
     </span>
     <span class='ocr_line' id='line_1_18' title="bbox 364 2092 1358 2176; baseline -0.003 -22"><span class='ocrx_word' id='word_1_144' title='bbox 364 2096 403 2154; x_wconf 88' lang='lat' dir='ltr'><strong>Ia</strong></span> <span class='ocrx_word' id='word_1_145' title='bbox 418 2098 520 2157; x_wconf 83' lang='lat' dir='ltr'><strong>eodem</strong></span> <span class='ocrx_word' id='word_1_146' title='bbox 535 2100 612 2158; x_wconf 78' lang='lat' dir='ltr'><strong>tuest</strong></span> <span class='ocrx_word' id='word_1_147' title='bbox 626 2103 716 2160; x_wconf 82' lang='lat' dir='ltr'><strong>etiam</strong></span> <span class='ocrx_word' id='word_1_148' title='bbox 731 2099 928 2159; x_wconf 78' lang='lat' dir='ltr'><strong>tetrastichon</strong></span> <span class='ocrx_word' id='word_1_149' title='bbox 940 2100 1105 2171; x_wconf 72' lang='lat' dir='ltr'><strong>peorpicoa</strong></span> <span class='ocrx_word' id='word_1_150' title='bbox 1117 2092 1198 2176; x_wconf 80' lang='lat' dir='ltr'><strong>(uide</strong></span> <span class='ocrx_word' id='word_1_151' title='bbox 1207 2096 1358 2170; x_wconf 65' lang='lat' dir='ltr'><strong>proloqu.</strong></span> 
     </span>
     <span class='ocr_line' id='line_1_19' title="bbox 292 2189 1363 2274; baseline -0.002 -19"><span class='ocrx_word' id='word_1_152' title='bbox 292 2214 327 2272; x_wconf 82' lang='lat' dir='ltr'><strong>p.</strong></span> <span class='ocrx_word' id='word_1_153' title='bbox 350 2189 443 2274; x_wconf 80' lang='grc'>379),</span> <span class='ocrx_word' id='word_1_154' title='bbox 477 2200 531 2259; x_wconf 80' lang='lat' dir='ltr'><strong>abi</strong></span> <span class='ocrx_word' id='word_1_155' title='bbox 555 2202 667 2274; x_wconf 72' lang='lat' dir='ltr'><strong>lepitur</strong></span> <span class='ocrx_word' id='word_1_156' title='bbox 688 2217 715 2259; x_wconf 87' lang='lat' dir='ltr'><strong>a.</strong></span> <span class='ocrx_word' id='word_1_157' title='bbox 738 2197 760 2259; x_wconf 90' lang='lat'>4</span> <span class='ocrx_word' id='word_1_158' title='bbox 786 2216 922 2259; x_wconf 88' lang='lat' dir='ltr'><strong>munera</strong></span> <span class='ocrx_word' id='word_1_159' title='bbox 949 2202 1076 2274; x_wconf 82' lang='lat' dir='ltr'><strong>nostra3</strong></span> <span class='ocrx_word' id='word_1_160' title='bbox 1105 2204 1134 2258; x_wconf 87' lang='lat' dir='ltr'><strong>et</strong></span> <span class='ocrx_word' id='word_1_161' title='bbox 1164 2197 1244 2270; x_wconf 78' lang='lat' dir='ltr'><strong>quoa</strong></span> <span class='ocrx_word' id='word_1_162' title='bbox 1271 2196 1363 2270; x_wconf 80' lang='lat' dir='ltr'><strong>apud</strong></span> 
     </span>
     <span class='ocr_line' id='line_1_20' title="bbox 297 2295 1363 2381; baseline -0.002 -25"><span class='ocrx_word' id='word_1_163' title='bbox 297 2298 455 2375; x_wconf 82' lang='lat' dir='ltr'><strong>Meyerura</strong></span> <span class='ocrx_word' id='word_1_164' title='bbox 476 2306 564 2361; x_wconf 80' lang='lat' dir='ltr'><strong>extat</strong></span> <span class='ocrx_word' id='word_1_165' title='bbox 584 2320 614 2362; x_wconf 87' lang='lat' dir='ltr'><strong>u.</strong></span> <span class='ocrx_word' id='word_1_166' title='bbox 631 2297 705 2379; x_wconf 85' lang='lat'><strong>863,</strong></span> <span class='ocrx_word' id='word_1_167' title='bbox 730 2296 824 2360; x_wconf 88' lang='grc'><strong>1-4</strong></span> <span class='ocrx_word' id='word_1_168' title='bbox 846 2295 1003 2381; x_wconf 65' lang='lat' dir='ltr'><strong>(prolana.</strong></span> <span class='ocrx_word' id='word_1_169' title='bbox 1020 2295 1109 2378; x_wconf 84' lang='lat'>380),</span> <span class='ocrx_word' id='word_1_170' title='bbox 1132 2298 1183 2358; x_wconf 78' lang='lat' dir='ltr'><strong>uba·</strong></span> <span class='ocrx_word' id='word_1_171' title='bbox 1203 2299 1234 2356; x_wconf 80' lang='lat' dir='ltr'><strong>iu</strong></span> <span class='ocrx_word' id='word_1_172' title='bbox 1253 2298 1363 2372; x_wconf 83' lang='lat' dir='ltr'><strong>primo</strong></span> 
     </span>
    </p>
   </div>
   <div class='ocr_carea' id='block_1_5' title="bbox 298 2396 948 2481">
    <p class='ocr_par' dir='ltr' id='par_1_5' title="bbox 298 2396 948 2481">
     <span class='ocr_line' id='line_1_21' title="bbox 298 2396 948 2481; baseline 0.003 -22"><span class='ocrx_word' id='word_1_173' title='bbox 298 2415 387 2459; x_wconf 85' lang='lat' dir='ltr'><strong>versu</strong></span> <span class='ocrx_word' id='word_1_174' title='bbox 405 2416 465 2474; x_wconf 79' lang='lat' dir='ltr'><strong>pro</strong></span> <span class='ocrx_word' id='word_1_175' title='bbox 487 2397 594 2461; x_wconf 73' lang='lat' dir='ltr'><strong>modo.</strong></span> <span class='ocrx_word' id='word_1_176' title='bbox 607 2396 727 2481; x_wconf 87' lang='lat' dir='ltr'><strong>laetus]</strong></span> <span class='ocrx_word' id='word_1_177' title='bbox 751 2396 948 2463; x_wconf 87' lang='lat' dir='ltr'><strong>modulatus.</strong></span> 
     </span>
    </p>
   </div>
   <div class='ocr_carea' id='block_1_6' title="bbox 214 2559 1363 2750">
    <p class='ocr_par' dir='ltr' id='par_1_6' title="bbox 214 2559 1363 2750">
     <span class='ocr_line' id='line_1_22' title="bbox 305 2559 1363 2653; baseline -0.004 -25"><span class='ocrx_word' id='word_1_178' title='bbox 305 2568 480 2628; x_wconf 81' lang='lat' dir='ltr'><strong>Valcatiaar&#39;</strong></span> <span class='ocrx_word' id='word_1_179' title='bbox 504 2588 536 2628; x_wconf 93' lang='lat' dir='ltr'><strong>n.</strong></span> <span class='ocrx_word' id='word_1_180' title='bbox 558 2559 623 2630; x_wconf 86' lang='grc'><strong>389</strong></span> <span class='ocrx_word' id='word_1_181' title='bbox 649 2567 831 2653; x_wconf 87' lang='lat' dir='ltr'><strong>scripturis,</strong></span> <span class='ocrx_word' id='word_1_182' title='bbox 852 2587 934 2650; x_wconf 85' lang='lat' dir='ltr'><strong>quas</strong></span> <span class='ocrx_word' id='word_1_183' title='bbox 948 2587 999 2629; x_wconf 78' lang='lat' dir='ltr'><strong>cx</strong></span> <span class='ocrx_word' id='word_1_184' title='bbox 1021 2564 1145 2629; x_wconf 89' lang='lat' dir='ltr'><strong>eisdem</strong></span> <span class='ocrx_word' id='word_1_185' title='bbox 1166 2563 1217 2626; x_wconf 88' lang='lat' dir='ltr'><strong>his</strong></span> <span class='ocrx_word' id='word_1_186' title='bbox 1240 2562 1363 2627; x_wconf 89' lang='lat' dir='ltr'><strong>carmi-</strong></span> 
     </span>
     <span class='ocr_line' id='line_1_23' title="bbox 214 2664 1363 2750; baseline -0.001 -22"><span class='ocrx_word' id='word_1_187' title='bbox 214 2664 311 2730; x_wconf 86' lang='lat' dir='ltr'><strong>nibus</strong></span> <span class='ocrx_word' id='word_1_188' title='bbox 335 2674 506 2750; x_wconf 84' lang='lat' dir='ltr'><strong>excerptas</strong></span> <span class='ocrx_word' id='word_1_189' title='bbox 529 2665 617 2731; x_wconf 92' lang='lat' dir='ltr'><strong>idem</strong></span> <span class='ocrx_word' id='word_1_190' title='bbox 639 2668 691 2733; x_wconf 85' lang='lat' dir='ltr'><strong>vir</strong></span> <span class='ocrx_word' id='word_1_191' title='bbox 713 2669 827 2733; x_wconf 87' lang='lat' dir='ltr'><strong>doctus</strong></span> <span class='ocrx_word' id='word_1_192' title='bbox 850 2665 930 2731; x_wconf 91' lang='lat' dir='ltr'><strong>mihi</strong></span> <span class='ocrx_word' id='word_1_193' title='bbox 952 2665 1086 2747; x_wconf 89' lang='lat' dir='ltr'><strong>obtulit,</strong></span> <span class='ocrx_word' id='word_1_194' title='bbox 1109 2687 1219 2729; x_wconf 89' lang='lat' dir='ltr'><strong>carere</strong></span> <span class='ocrx_word' id='word_1_195' title='bbox 1241 2686 1363 2749; x_wconf 88' lang='lat' dir='ltr'><strong>possu-</strong></span> 
     </span>
    </p>
   </div>
   <div class='ocr_carea' id='block_1_7' title="bbox 90 2765 1364 2854">
    <p class='ocr_par' dir='ltr' id='par_1_7' title="bbox 90 2765 1364 2854">
     <span class='ocr_line' id='line_1_24' title="bbox 90 2765 1364 2854; baseline -0.003 -22"><span class='ocrx_word' id='word_1_196' title='bbox 90 2834 92 2838; x_wconf 66' lang='grc'>,</span> <span class='ocrx_word' id='word_1_197' title='bbox 215 2788 301 2831; x_wconf 91' lang='lat' dir='ltr'><strong>mus:</strong></span> <span class='ocrx_word' id='word_1_198' title='bbox 326 2765 407 2830; x_wconf 87' lang='lat' dir='ltr'><strong>nihil</strong></span> <span class='ocrx_word' id='word_1_199' title='bbox 430 2767 516 2830; x_wconf 90' lang='lat' dir='ltr'><strong>enim</strong></span> <span class='ocrx_word' id='word_1_200' title='bbox 537 2769 696 2853; x_wconf 88' lang='lat' dir='ltr'><strong>praebent</strong></span> <span class='ocrx_word' id='word_1_201' title='bbox 711 2769 797 2854; x_wconf 92' lang='lat' dir='ltr'><strong>quod</strong></span> <span class='ocrx_word' id='word_1_202' title='bbox 819 2791 885 2833; x_wconf 94' lang='lat' dir='ltr'><strong>non</strong></span> <span class='ocrx_word' id='word_1_203' title='bbox 906 2789 949 2832; x_wconf 85' lang='lat' dir='ltr'><strong>ex</strong></span> <span class='ocrx_word' id='word_1_204' title='bbox 970 2767 1063 2833; x_wconf 90' lang='lat' dir='ltr'><strong>libris</strong></span> <span class='ocrx_word' id='word_1_205' title='bbox 1085 2770 1186 2849; x_wconf 75' lang='lat' dir='ltr'><strong>Bybc</strong></span> <span class='ocrx_word' id='word_1_206' title='bbox 1208 2765 1261 2832; x_wconf 90' lang='lat' dir='ltr'><strong>vel</strong></span> <span class='ocrx_word' id='word_1_207' title='bbox 1284 2787 1364 2829; x_wconf 89' lang='lat' dir='ltr'><strong>con-</strong></span> 
     </span>
    </p>
   </div>
   <div class='ocr_carea' id='block_1_8' title="bbox 215 2866 1402 4069">
    <p class='ocr_par' dir='ltr' id='par_1_8' title="bbox 215 2866 782 2953">
     <span class='ocr_line' id='line_1_25' title="bbox 215 2866 782 2953; baseline 0.009 -23"><span class='ocrx_word' id='word_1_208' title='bbox 215 2867 334 2932; x_wconf 84' lang='lat' dir='ltr'><strong>iunctis</strong></span> <span class='ocrx_word' id='word_1_209' title='bbox 356 2866 410 2933; x_wconf 83' lang='lat' dir='ltr'><strong>vel</strong></span> <span class='ocrx_word' id='word_1_210' title='bbox 433 2867 569 2953; x_wconf 85' lang='lat' dir='ltr'><strong>singulis</strong></span> <span class='ocrx_word' id='word_1_211' title='bbox 592 2879 705 2935; x_wconf 92' lang='lat' dir='ltr'><strong>notum</strong></span> <span class='ocrx_word' id='word_1_212' title='bbox 727 2872 782 2936; x_wconf 89' lang='lat' dir='ltr'><strong>sit.</strong></span> 
     </span>
    </p>

    <p class='ocr_par' dir='ltr' id='par_1_9' title="bbox 217 2968 1375 3462">
     <span class='ocr_line' id='line_1_26' title="bbox 300 2968 1362 3056; baseline -0.002 -23"><span class='ocrx_word' id='word_1_213' title='bbox 300 2969 424 3049; x_wconf 89' lang='lat' dir='ltr'><strong>Unum,</strong></span> <span class='ocrx_word' id='word_1_214' title='bbox 447 2976 484 3032; x_wconf 92' lang='lat' dir='ltr'><strong>ut</strong></span> <span class='ocrx_word' id='word_1_215' title='bbox 505 2969 547 3033; x_wconf 90' lang='lat' dir='ltr'><strong>de</strong></span> <span class='ocrx_word' id='word_1_216' title='bbox 568 2970 736 3037; x_wconf 80' lang='lat' dir='ltr'><strong>codicibus</strong></span> <span class='ocrx_word' id='word_1_217' title='bbox 759 2969 958 3056; x_wconf 86' lang='lat' dir='ltr'><strong>Vergilianis</strong></span> <span class='ocrx_word' id='word_1_218' title='bbox 981 2968 1164 3051; x_wconf 85' lang='lat' dir='ltr'><strong>absolvam,</strong></span> <span class='ocrx_word' id='word_1_219' title='bbox 1193 2978 1362 3054; x_wconf 90' lang='lat' dir='ltr'><strong>postremo</strong></span> 
     </span>
     <span class='ocr_line' id='line_1_27' title="bbox 218 3069 1362 3159; baseline -0.003 -24"><span class='ocrx_word' id='word_1_220' title='bbox 218 3069 451 3135; x_wconf 89' lang='lat' dir='ltr'><strong>declarandum</strong></span> <span class='ocrx_word' id='word_1_221' title='bbox 464 3079 530 3152; x_wconf 86' lang='lat' dir='ltr'><strong>est,</strong></span> <span class='ocrx_word' id='word_1_222' title='bbox 549 3073 636 3157; x_wconf 91' lang='lat' dir='ltr'><strong>quod</strong></span> <span class='ocrx_word' id='word_1_223' title='bbox 655 3073 802 3159; x_wconf 83' lang='lat' dir='ltr'><strong>prolegg.</strong></span> <span class='ocrx_word' id='word_1_224' title='bbox 815 3093 848 3156; x_wconf 91' lang='lat' dir='ltr'><strong>p.</strong></span> <span class='ocrx_word' id='word_1_225' title='bbox 861 3072 924 3136; x_wconf 82' lang='lat'><strong>358</strong></span> <span class='ocrx_word' id='word_1_226' title='bbox 941 3078 973 3137; x_wconf 86' lang='grc' dir='ltr'><em>Η</em></span> <span class='ocrx_word' id='word_1_227' title='bbox 979 3077 1255 3151; x_wconf 72' lang='lat' dir='ltr'><strong>amhurpcascm</strong></span> <span class='ocrx_word' id='word_1_228' title='bbox 1273 3069 1362 3133; x_wconf 90' lang='lat' dir='ltr'><strong>codi-</strong></span> 
     </span>
     <span class='ocr_line' id='line_1_28' title="bbox 219 3171 1363 3257; baseline -0.002 -21"><span class='ocrx_word' id='word_1_229' title='bbox 219 3193 289 3237; x_wconf 85' lang='lat' dir='ltr'><strong>cem</strong></span> <span class='ocrx_word' id='word_1_230' title='bbox 310 3173 420 3236; x_wconf 88' lang='lat' dir='ltr'><strong>nescio</strong></span> <span class='ocrx_word' id='word_1_231' title='bbox 444 3194 509 3257; x_wconf 91' lang='lat' dir='ltr'><strong>qua</strong></span> <span class='ocrx_word' id='word_1_232' title='bbox 531 3172 697 3242; x_wconf 88' lang='lat' dir='ltr'><strong>oblivione</strong></span> <span class='ocrx_word' id='word_1_233' title='bbox 720 3173 763 3237; x_wconf 88' lang='lat' dir='ltr'><strong>ad</strong></span> <span class='ocrx_word' id='word_1_234' title='bbox 785 3172 951 3237; x_wconf 86' lang='lat' dir='ltr'><strong>saeculum</strong></span> <span class='ocrx_word' id='word_1_235' title='bbox 973 3173 1062 3237; x_wconf 88' lang='lat' dir='ltr'>XIII</span> <span class='ocrx_word' id='word_1_236' title='bbox 1085 3173 1221 3254; x_wconf 85' lang='lat' dir='ltr'><strong>detrusi,</strong></span> <span class='ocrx_word' id='word_1_237' title='bbox 1244 3195 1296 3235; x_wconf 90' lang='lat' dir='ltr'><strong>me</strong></span> <span class='ocrx_word' id='word_1_238' title='bbox 1320 3171 1363 3234; x_wconf 88' lang='lat' dir='ltr'><strong>de</strong></span> 
     </span>
     <span class='ocr_line' id='line_1_29' title="bbox 217 3270 1375 3359; baseline -0.003 -21"><span class='ocrx_word' id='word_1_239' title='bbox 217 3272 315 3340; x_wconf 89' lang='lat' dir='ltr'><strong>laude</strong></span> <span class='ocrx_word' id='word_1_240' title='bbox 338 3273 425 3357; x_wconf 79' lang='lat' dir='ltr'><strong>ciue,</strong></span> <span class='ocrx_word' id='word_1_241' title='bbox 449 3294 513 3358; x_wconf 88' lang='lat' dir='ltr'><strong>qua</strong></span> <span class='ocrx_word' id='word_1_242' title='bbox 533 3272 653 3339; x_wconf 92' lang='lat' dir='ltr'><strong>nobilis</strong></span> <span class='ocrx_word' id='word_1_243' title='bbox 677 3273 798 3340; x_wconf 89' lang='lat' dir='ltr'><strong>saeculi</strong></span> <span class='ocrx_word' id='word_1_244' title='bbox 814 3273 866 3338; x_wconf 89' lang='lat' dir='ltr'>IX</span> <span class='ocrx_word' id='word_1_245' title='bbox 881 3295 1026 3359; x_wconf 88' lang='lat' dir='ltr'><strong>propago</strong></span> <span class='ocrx_word' id='word_1_246' title='bbox 1049 3274 1180 3338; x_wconf 90' lang='lat' dir='ltr'><strong>auditur</strong></span> <span class='ocrx_word' id='word_1_247' title='bbox 1203 3270 1259 3356; x_wconf 85' lang='lat' dir='ltr'><strong>(cf.</strong></span> <span class='ocrx_word' id='word_1_248' title='bbox 1275 3271 1375 3337; x_wconf 87' lang='lat' dir='ltr'><strong>Mer-&#39;</strong></span> 
     </span>
     <span class='ocr_line' id='line_1_30' title="bbox 218 3372 1362 3462; baseline -0.003 -22"><span class='ocrx_word' id='word_1_249' title='bbox 218 3375 300 3442; x_wconf 88' lang='lat' dir='ltr'><strong>kelii</strong></span> <span class='ocrx_word' id='word_1_250' title='bbox 312 3375 356 3441; x_wconf 86' lang='lat' dir='ltr'><strong>ad</strong></span> <span class='ocrx_word' id='word_1_251' title='bbox 367 3374 479 3441; x_wconf 88' lang='lat' dir='ltr'><strong>Ovidii</strong></span> <span class='ocrx_word' id='word_1_252' title='bbox 489 3378 553 3442; x_wconf 86' lang='lat' dir='ltr'><strong>vol.</strong></span> <span class='ocrx_word' id='word_1_253' title='bbox 566 3374 621 3439; x_wconf 94' lang='lat' dir='ltr'><strong>III</strong></span> <span class='ocrx_word' id='word_1_254' title='bbox 632 3375 737 3462; x_wconf 83' lang='lat' dir='ltr'><strong>praef.</strong></span> <span class='ocrx_word' id='word_1_255' title='bbox 749 3399 781 3461; x_wconf 90' lang='lat' dir='ltr'><strong>p.</strong></span> <span class='ocrx_word' id='word_1_256' title='bbox 791 3375 869 3462; x_wconf 82' lang='lat' dir='ltr'>IV),</span> <span class='ocrx_word' id='word_1_257' title='bbox 881 3375 1014 3440; x_wconf 90' lang='lat' dir='ltr'><strong>minime</strong></span> <span class='ocrx_word' id='word_1_258' title='bbox 1025 3377 1168 3440; x_wconf 89' lang='lat' dir='ltr'><strong>voluisse</strong></span> <span class='ocrx_word' id='word_1_259' title='bbox 1179 3372 1362 3438; x_wconf 85' lang='lat' dir='ltr'><strong>detrahere.</strong></span> 
     </span>
    </p>

    <p class='ocr_par' dir='ltr' id='par_1_10' title="bbox 219 3476 1402 3766">
     <span class='ocr_line' id='line_1_31' title="bbox 302 3476 1402 3542; baseline -0.004 -1"><span class='ocrx_word' id='word_1_260' title='bbox 302 3477 420 3541; x_wconf 86' lang='lat' dir='ltr'><strong>Restat</strong></span> <span class='ocrx_word' id='word_1_261' title='bbox 446 3486 483 3541; x_wconf 90' lang='lat' dir='ltr'><strong>ut</strong></span> <span class='ocrx_word' id='word_1_262' title='bbox 510 3477 683 3542; x_wconf 85' lang='lat' dir='ltr'><strong>defendam</strong></span> <span class='ocrx_word' id='word_1_263' title='bbox 710 3476 848 3542; x_wconf 91' lang='lat' dir='ltr'><strong>eundem</strong></span> <span class='ocrx_word' id='word_1_264' title='bbox 875 3476 994 3541; x_wconf 89' lang='lat' dir='ltr'><strong>librum</strong></span> <span class='ocrx_word' id='word_1_265' title='bbox 1021 3497 1129 3539; x_wconf 91' lang='lat' dir='ltr'><strong>meum</strong></span> <span class='ocrx_word' id='word_1_266' title='bbox 1151 3483 1265 3539; x_wconf 89' lang='lat' dir='ltr'><strong>contra</strong></span> <span class='ocrx_word' id='word_1_267' title='bbox 1293 3484 1362 3538; x_wconf 88' lang='lat' dir='ltr'><strong>tres</strong></span> <span class='ocrx_word' id='word_1_268' title='bbox 1399 3504 1402 3514; x_wconf 87' lang='lat'>·</span> 
     </span>
     <span class='ocr_line' id='line_1_32' title="bbox 219 3575 1363 3664; baseline -0.005 -20"><span class='ocrx_word' id='word_1_269' title='bbox 219 3581 323 3659; x_wconf 87' lang='lat' dir='ltr'><strong>viros,</strong></span> <span class='ocrx_word' id='word_1_270' title='bbox 347 3599 483 3663; x_wconf 85' lang='lat' dir='ltr'><strong>quorum</strong></span> <span class='ocrx_word' id='word_1_271' title='bbox 504 3601 564 3643; x_wconf 88' lang='lat' dir='ltr'><strong>nec</strong></span> <span class='ocrx_word' id='word_1_272' title='bbox 585 3581 680 3664; x_wconf 86' lang='lat' dir='ltr'><strong>parvi</strong></span> <span class='ocrx_word' id='word_1_273' title='bbox 701 3580 787 3644; x_wconf 88' lang='lat' dir='ltr'><strong>facio</strong></span> <span class='ocrx_word' id='word_1_274' title='bbox 809 3578 968 3642; x_wconf 88' lang='lat' dir='ltr'><strong>iudicium</strong></span> <span class='ocrx_word' id='word_1_275' title='bbox 983 3585 1015 3640; x_wconf 88' lang='lat' dir='ltr'><strong>et</strong></span> <span class='ocrx_word' id='word_1_276' title='bbox 1035 3599 1055 3639; x_wconf 89' lang='lat' dir='ltr'><strong>a</strong></span> <span class='ocrx_word' id='word_1_277' title='bbox 1070 3576 1197 3642; x_wconf 90' lang='lat' dir='ltr'><strong>duobus</strong></span> <span class='ocrx_word' id='word_1_278' title='bbox 1215 3577 1248 3639; x_wconf 92' lang='lat' dir='ltr'><strong>in</strong></span> <span class='ocrx_word' id='word_1_279' title='bbox 1268 3575 1363 3639; x_wconf 90' lang='lat' dir='ltr'><strong>illum</strong></span> 
     </span>
     <span class='ocr_line' id='line_1_33' title="bbox 227 3677 1162 3766; baseline -0.003 -22"><span class='ocrx_word' id='word_1_280' title='bbox 227 3702 326 3766; x_wconf 88' lang='lat' dir='ltr'><strong>psum</strong></span> <span class='ocrx_word' id='word_1_281' title='bbox 349 3677 479 3744; x_wconf 88' lang='lat' dir='ltr'><strong>conlata</strong></span> <span class='ocrx_word' id='word_1_282' title='bbox 499 3678 660 3744; x_wconf 87' lang='lat' dir='ltr'><strong>beneficia</strong></span> <span class='ocrx_word' id='word_1_283' title='bbox 680 3689 775 3764; x_wconf 85' lang='lat' dir='ltr'><strong>grato</strong></span> <span class='ocrx_word' id='word_1_284' title='bbox 798 3681 906 3744; x_wconf 88' lang='lat' dir='ltr'><strong>animo</strong></span> <span class='ocrx_word' id='word_1_285' title='bbox 930 3699 1082 3763; x_wconf 80' lang='lat' dir='ltr'><strong>agnosco,</strong></span> <span class='ocrx_word' id='word_1_286' title='bbox 1159 3686 1162 3695; x_wconf 89' lang='lat'>&#39;</span> 
     </span>
    </p>

    <p class='ocr_par' dir='ltr' id='par_1_11' title="bbox 220 3781 1363 4069">
     <span class='ocr_line' id='line_1_34' title="bbox 304 3781 1363 3867; baseline -0.003 -23"><span class='ocrx_word' id='word_1_287' title='bbox 304 3781 359 3844; x_wconf 81' lang='lat' dir='ltr'><strong>Ex</strong></span> <span class='ocrx_word' id='word_1_288' title='bbox 385 3781 502 3867; x_wconf 91' lang='lat' dir='ltr'><strong>quibus</strong></span> <span class='ocrx_word' id='word_1_289' title='bbox 530 3781 672 3867; x_wconf 91' lang='lat' dir='ltr'><strong>primum</strong></span> <span class='ocrx_word' id='word_1_290' title='bbox 698 3781 829 3846; x_wconf 90' lang='lat' dir='ltr'><strong>nomino</strong></span> <span class='ocrx_word' id='word_1_291' title='bbox 858 3785 1106 3844; x_wconf 83' lang='lat' dir='ltr'><strong>Hermauaum</strong></span> <span class='ocrx_word' id='word_1_292' title='bbox 1140 3783 1290 3858; x_wconf 66' lang='lat' dir='ltr'><strong>Harsa,</strong></span> <span class='ocrx_word' id='word_1_293' title='bbox 1321 3801 1363 3842; x_wconf 81' lang='lat' dir='ltr'><strong>ex</strong></span> 
     </span>
     <span class='ocr_line' id='line_1_35' title="bbox 220 3879 1363 3965; baseline -0.003 -17"><span class='ocrx_word' id='word_1_294' title='bbox 220 3885 312 3948; x_wconf 90' lang='lat' dir='ltr'><strong>cuius</strong></span> <span class='ocrx_word' id='word_1_295' title='bbox 341 3903 427 3947; x_wconf 92' lang='lat' dir='ltr'><strong>nova</strong></span> <span class='ocrx_word' id='word_1_296' title='bbox 453 3886 636 3947; x_wconf 80' lang='lat' dir='ltr'><strong>scholiorum</strong></span> <span class='ocrx_word' id='word_1_297' title='bbox 659 3887 860 3949; x_wconf 81' lang='lat' dir='ltr'><strong>Beruensium</strong></span> <span class='ocrx_word' id='word_1_298' title='bbox 881 3880 1069 3946; x_wconf 87' lang='lat' dir='ltr'><strong>recensione</strong></span> <span class='ocrx_word' id='word_1_299' title='bbox 1092 3881 1147 3965; x_wconf 94' lang='lat' dir='ltr'><strong>qui</strong></span> <span class='ocrx_word' id='word_1_300' title='bbox 1169 3879 1295 3948; x_wconf 87' lang='lat' dir='ltr'><strong>fructus</strong></span> <span class='ocrx_word' id='word_1_301' title='bbox 1320 3880 1363 3944; x_wconf 89' lang='lat' dir='ltr'><strong>ad</strong></span> 
     </span>
     <span class='ocr_line' id='line_1_36' title="bbox 220 3978 1363 4069; baseline -0.004 -19"><span class='ocrx_word' id='word_1_302' title='bbox 220 3981 484 4069; x_wconf 86' lang='lat' dir='ltr'><strong>Vergilianorum</strong></span> <span class='ocrx_word' id='word_1_303' title='bbox 505 3985 686 4048; x_wconf 89' lang='lat' dir='ltr'><strong>carminum</strong></span> <span class='ocrx_word' id='word_1_304' title='bbox 707 3983 879 4048; x_wconf 89' lang='lat' dir='ltr'><strong>historiam</strong></span> <span class='ocrx_word' id='word_1_305' title='bbox 901 3981 1029 4068; x_wconf 86' lang='lat' dir='ltr'><strong>plenius</strong></span> <span class='ocrx_word' id='word_1_306' title='bbox 1053 4004 1092 4045; x_wconf 90' lang='lat' dir='ltr'><strong>ac</strong></span> <span class='ocrx_word' id='word_1_307' title='bbox 1114 3978 1267 4047; x_wconf 89' lang='lat' dir='ltr'><strong>subtilius</strong></span> <span class='ocrx_word' id='word_1_308' title='bbox 1291 4004 1363 4045; x_wconf 88' lang='lat' dir='ltr'><strong>eru-</strong></span> 
     </span>
    </p>
   </div>
   <div class='ocr_carea' id='block_1_9' title="bbox 110 4081 1363 4171">
    <p class='ocr_par' dir='ltr' id='par_1_12' title="bbox 110 4081 1363 4171">
     <span class='ocr_line' id='line_1_37' title="bbox 110 4081 1363 4171; baseline -0.003 -21"><span class='ocrx_word' id='word_1_309' title='bbox 110 4114 113 4118; x_wconf 46' lang='lat'>*</span> <span class='ocrx_word' id='word_1_310' title='bbox 183 4165 187 4171; x_wconf 7' lang='lat' dir='ltr'><strong>p</strong></span> <span class='ocrx_word' id='word_1_311' title='bbox 221 4084 340 4171; x_wconf 84' lang='lat' dir='ltr'><strong>endam</strong></span> <span class='ocrx_word' id='word_1_312' title='bbox 361 4083 545 4150; x_wconf 90' lang='lat' dir='ltr'><strong>redundent</strong></span> <span class='ocrx_word' id='word_1_313' title='bbox 566 4106 718 4149; x_wconf 90' lang='lat' dir='ltr'><strong>enarrare</strong></span> <span class='ocrx_word' id='word_1_314' title='bbox 741 4083 813 4148; x_wconf 87' lang='lat' dir='ltr'><strong>aliis</strong></span> <span class='ocrx_word' id='word_1_315' title='bbox 835 4083 1027 4168; x_wconf 87' lang='lat' dir='ltr'><strong>relinquam.</strong></span> <span class='ocrx_word' id='word_1_316' title='bbox 1071 4093 1106 4148; x_wconf 88' lang='lat' dir='ltr'><strong>at</strong></span> <span class='ocrx_word' id='word_1_317' title='bbox 1126 4081 1179 4146; x_wconf 90' lang='lat' dir='ltr'><strong>hic</strong></span> <span class='ocrx_word' id='word_1_318' title='bbox 1200 4084 1235 4146; x_wconf 91' lang='lat' dir='ltr'><strong>in</strong></span> <span class='ocrx_word' id='word_1_319' title='bbox 1257 4082 1363 4168; x_wconf 92' lang='lat' dir='ltr'><strong>prole-</strong></span> 
     </span>
    </p>
   </div>
   <div class='ocr_carea' id='block_1_10' title="bbox 221 4183 1365 4374">
    <p class='ocr_par' dir='ltr' id='par_1_13' title="bbox 221 4183 1365 4374">
     <span class='ocr_line' id='line_1_38' title="bbox 222 4183 1363 4272; baseline -0.005 -20"><span class='ocrx_word' id='word_1_320' title='bbox 222 4209 383 4272; x_wconf 84' lang='lat' dir='ltr'><strong>gomenon</strong></span> <span class='ocrx_word' id='word_1_321' title='bbox 410 4207 545 4251; x_wconf 90' lang='lat' dir='ltr'><strong>suorum</strong></span> <span class='ocrx_word' id='word_1_322' title='bbox 575 4185 682 4250; x_wconf 90' lang='lat' dir='ltr'><strong>bonae</strong></span> <span class='ocrx_word' id='word_1_323' title='bbox 713 4186 820 4269; x_wconf 87' lang='lat' dir='ltr'><strong>frugis</strong></span> <span class='ocrx_word' id='word_1_324' title='bbox 847 4183 1018 4270; x_wconf 92' lang='lat' dir='ltr'><strong>plenorum</strong></span> <span class='ocrx_word' id='word_1_325' title='bbox 1045 4185 1152 4270; x_wconf 87' lang='lat' dir='ltr'><strong>capite</strong></span> <span class='ocrx_word' id='word_1_326' title='bbox 1180 4183 1294 4248; x_wconf 91' lang='lat' dir='ltr'><strong>ultimo</strong></span> <span class='ocrx_word' id='word_1_327' title='bbox 1329 4206 1363 4270; x_wconf 88' lang='lat' dir='ltr'><strong>p.</strong></span> 
     </span>
     <span class='ocr_line' id='line_1_39' title="bbox 221 4286 1365 4374; baseline 0 -24"><span class='ocrx_word' id='word_1_328' title='bbox 221 4289 285 4352; x_wconf 76' lang='lat'><strong>230</strong></span> <span class='ocrx_word' id='word_1_329' title='bbox 306 4310 376 4374; x_wconf 92' lang='lat' dir='ltr'><strong>sqq.</strong></span> <span class='ocrx_word' id='word_1_330' title='bbox 400 4287 489 4374; x_wconf 93' lang='lat' dir='ltr'><strong>quod</strong></span> <span class='ocrx_word' id='word_1_331' title='bbox 511 4308 600 4351; x_wconf 87' lang='lat' dir='ltr'><strong>meas</strong></span> <span class='ocrx_word' id='word_1_332' title='bbox 623 4286 781 4372; x_wconf 88' lang='lat' dir='ltr'><strong>quasdam</strong></span> <span class='ocrx_word' id='word_1_333' title='bbox 808 4287 848 4352; x_wconf 90' lang='lat' dir='ltr'><strong>de</strong></span> <span class='ocrx_word' id='word_1_334' title='bbox 871 4289 1099 4351; x_wconf 75' lang='lat' dir='ltr'><strong>Corneliana·</strong></span> <span class='ocrx_word' id='word_1_335' title='bbox 1120 4293 1153 4348; x_wconf 90' lang='lat' dir='ltr'><strong>et</strong></span> <span class='ocrx_word' id='word_1_336' title='bbox 1175 4287 1287 4352; x_wconf 80' lang='lat' dir='ltr'><strong>Ebrr&#39;r&#39;</strong></span> <span class='ocrx_word' id='word_1_337' title='bbox 1307 4286 1365 4371; x_wconf 92' lang='lat' dir='ltr'><strong>qui</strong></span> 
     </span>
    </p>
   </div>
   <div class='ocr_carea' id='block_1_11' title="bbox 0 0 1433 4770">
    <p class='ocr_par' dir='ltr' id='par_1_14' title="bbox 0 0 1433 4770">
     <span class='ocr_line' id='line_1_40' title="bbox 0 0 1433 4770; baseline 0 0"><span class='ocrx_word' id='word_1_338' title='bbox 0 0 1433 4770; x_wconf 95' lang='lat' dir='ltr'><strong> </strong></span> 
     </span>
    </p>
   </div>
  </div>
 </body>
</html>
