2782 4778
152 272 194 337 54
597 276 848 331 risonnoonuuou

152 463 215 521 cior
237 461 355 521 Battaro
384 458 476 518 videri
499 456 706 536 dulcioresque
735 457 800 516 eius
824 454 926 516 modos
950 456 1080 514 excitare
1103 463 1220 532 posset,
1247 454 1284 514 ille

153 571 211 630 ost,
235 560 286 621 nbi
308 562 402 620 amica
425 561 452 619 ei
473 577 591 638 semper
614 559 735 618 llumina
759 558 915 634 sontesque
939 557 1179 632 esse'dicnntur,
1203 577 1225 615 r.
1241 553 1278 618 bb.

153 664 201 725 bic
229 665 318 742 igitur
346 662 402 723 luit
429 679 495 721 cum
523 663 657 721 inserere
687 657 791 718 vellem
814 657 862 719 illa
886 656 962 737 (joae
984 675 1066 717 rrunc
1088 659 1121 718 in
1145 678 1169 718 r.
1194 656 1228 718 71
1248 656 1277 716 le·

153 775 263 844 guntur
293 762 428 824 ‘dulcius
454 811 459 822 .
488 811 493 821 .
520 811 526 823 .
551 765 695 822 carmen?
740 760 791 820 sed
821 768 902 820 certa
925 759 962 819 de
985 777 1089 829 cansa,
1123 778 1197 836 quae
1216 760 1273 819 inira

152 868 311 947 perspicua
333 866 391 934 liet,
412 883 469 924 suo
492 863 557 924 loco
582 881 662 924 nunc
683 862 853 940 relinquere
876 861 962 929 malo,
987 869 1020 921 nt
1036 862 1138 921 omnia
1153 861 1207 930 illa,
1228 861 1273 939 qoi-

152 968 208 1029 bns
230 968 323 1028 amica
346 965 464 1026 Battaro
488 966 610 1025 numina
632 966 817 1033 invocantur,
842 961 974 1023 dulciore
990 981 1065 1024 sono
1081 963 1206 1041 fingatur
1219 969 1273 1022 ten-

153 1068 311 1149 peravisse.
357 1085 425 1126 nam
448 1063 544 1126 nullas
566 1068 596 1126 in
619 1069 683 1144 ipso
700 1074 797 1134 corrtu,
822 1085 859 1125 ne
874 1067 904 1124 in
922 1064 1056 1125 versibus
1072 1062 1276 1125 intercalaribus

154 1169 272 1250 quidem
301 1168 411 1228 Rattari
440 1174 540 1247 partes
568 1185 632 1227 esse
662 1169 748 1228 etiam
779 1186 813 1226 eo
843 1167 1001 1246 ephymuio
1031 1166 1184 1246 proditur,
1215 1160 1274 1244 quod

155 1270 244 1352 paulo
266 1277 333 1350 post
354 1269 489 1347 sequitur
512 1287 538 1328 r.
563 1266 603 1329 to

330 1408 436 1464 tristius
459 1408 512 1464 boc
534 1425 643 1470 rursum
666 1408 730 1462 dicit
753 1424 815 1462 meo
837 1411 937 1479 fistulo
960 1424 1078 1470 carmen.

155 1560 212 1619 nisi
240 1559 316 1618 lorte
347 1556 452 1616 credes
475 1555 588 1617 Naelrio
616 1556 800 1616 adseveranti
829 1560 913 1616 ‘mea
936 1555 1052 1616 listula'
1082 1555 1211 1635 perbene
1231 1550 1275 1611 dici

156 1661 288 1739 potuisse
311 1658 347 1718 de
370 1657 467 1718 listula
489 1658 610 1725 Battari,
635 1659 684 1734 qni
707 1659 787 1717 iussu
810 1657 927 1718 Catonis
949 1657 1062 1717 domini
1084 1659 1181 1717 canat!
1206 1658 1275 1715 imno

58 1820 61 1826 ,
155 1760 204 1820 bic
231 1761 295 1837 ipse
324 1777 391 1818 cum
421 1760 519 1819 omnia
547 1766 645 1818 cantet
672 1776 784 1837 suaque
813 1776 902 1818 avena
931 1776 1001 1818 usus
1023 1758 1149 1837 singulis
1170 1754 1277 1835 stropbis

156 1862 303 1929 succinat,
332 1859 395 1927 bic,
425 1858 477 1918 nbi
506 1858 662 1938 paludibus
685 1867 714 1918 et
742 1858 887 1920 imbribus
910 1861 1017 1919 vastari
1044 1877 1149 1938 agrum
1172 1860 1275 1936 exoptat,

156 1980 195 2022 ne
218 1961 352 2021 meminit
375 1959 494 2039 quidem
511 1959 685 2028 cantilenae,
710 1979 797 2039 qnam
814 1959 885 2020 olim
902 1960 1038 2021 Battarus
1054 1961 1216 2030 subiecerit,
1234 1951 1276 2016 sed

156 2064 221 2143 ipse
248 2063 361 2131 statim,
393 2063 497 2138 utqui
524 2063 554 2122 in
580 2063 768 2122 execratione
791 2069 869 2122 totus
893 2063 980 2122 etiam
1003 2064 1056 2132 sit,
1086 2063 1160 2123 haec
1181 2071 1277 2142 quoquc

157 2163 246 2224 addit.
684 2147 686 2149 ¹

242 2262 400 2324 absolutae
422 2282 529 2342 preces
552 2265 615 2324 sine
639 2263 729 2324 dubio
745 2265 792 2324 bis
808 2267 1011 2342 significantur
1030 2266 1065 2346 (r.
1083 2263 1149 2347 ab:
1173 2269 1204 2325 ‘o
1217 2257 1276 2322 nale

157 2369 268 2435 devoti,
297 2373 466 2444 praetorum
491 2366 629 2434 crimina,
661 2369 768 2440 apelli'
798 2385 823 2425 e.
848 2356 883 2442 q(
901 2386 924 2426 s.
948 2366 1000 2426 sed
1023 2388 1100 2446 quae
1124 2363 1276 2428 antecedunt

159 2463 210 2546 (80
231 2465 286 2546 so)
374 2509 378 2517 ·

330 2573 453 2646 piscetur
474 2574 577 2628 nostris
600 2573 627 2627 in
651 2572 750 2628 finibus
773 2573 873 2628 advena
896 2583 988 2629 arator
1011 2592 1035 2628 o.
1060 2592 1087 2647 q.
1111 2595 1133 2630 s,

158 2739 262 2780 vereor
286 2728 318 2780 nt
340 2739 394 2780 suo
416 2719 486 2798 loco
504 2729 587 2779 recte
611 2739 642 2779 se
665 2719 803 2780 habeant.
842 2740 909 2781 nam
933 2741 988 2781 nec
1009 2724 1041 2782 in
1064 2723 1213 2802 paludibus
1231 2724 1274 2774 arec

156 2824 189 2881 in
216 2822 328 2897 stagnis
355 2814 451 2879 nubre
479 2819 549 2878 ortis
578 2822 685 2898 piscari
715 2820 869 2891 solemuss
895 2823 948 2882 sed
978 2823 1022 2883 vel
1051 2825 1082 2882 in
1106 2812 1274 2885 martello

157 2920 281 2981 lacubus
303 2920 349 2979 vel
370 2922 402 2979 in
424 2918 605 2980 numinibus.
651 2941 709 3000 quo
733 2922 847 2982 accedit
870 2924 948 3000 qnod
971 2944 997 2984 v.
1023 2922 1063 2986 73
1086 2926 1137 2987 nbi
1159 2925 1192 2985 de
1209 2915 1274 3001 pall·

159 3020 246 3081 dibus
279 3020 388 3081 dicitur
422 3022 469 3079 ‘et
496 3028 588 3081 metat
615 3023 664 3082 bic
695 3024 813 3091 iuncos,
849 3026 944 3103 spicas
973 3026 1023 3087 nbi
1058 3025 1181 3106 legimns
1205 3009 1274 3083 olim'

159 3122 324 3184 subiectum
348 3120 430 3182 verbi
446 3121 640 3193 desideratur,
667 3124 743 3203 quod
760 3143 973 3204 recuperamus
988 3128 1109 3189 insertis
1125 3129 1174 3189 nbi
1188 3122 1275 3204 optime

159 3225 304 3304 quadrant
334 3224 465 3284 versibus
488 3220 529 3284 80
551 3243 594 3303 sq.
619 3234 685 3303 post
712 3243 737 3284 v.
763 3221 812 3286 70.
837 3234 925 3305 atque
954 3230 996 3287 sic
1025 3230 1207 3310 transpositis
1224 3229 1274 3276 lef‘

158 3325 240 3386 sibus
255 3322 297 3386 80
311 3342 354 3402 sq.
379 3325 408 3384 id
432 3343 549 3402 qnoque
573 3325 731 3394 lucramur,
755 3334 788 3385 ut
810 3327 934 3389 molesta
957 3329 1092 3390 eiusdem
1117 3323 1232 3392 vocabuli
1251 3315 1290 3413 ll.

160 3426 262 3490 eadem
286 3428 448 3487 vicinorum
472 3445 613 3488 versuum
636 3424 674 3487 81
692 3447 735 3505 sq.
761 3426 831 3487 sede
854 3430 942 3507 positi
966 3433 1144 3509 repetitione
1167 3420 1275 3511 (crimlil
1287 3448 1290 3501 ε

160 3535 189 3587 et
211 3526 347 3606 crimino)
370 3526 538 3588 liberemur.

244 3628 302 3688 Sed
324 3628 411 3709 paulo
433 3637 500 3709 post
522 3649 598 3708 quae
620 3649 646 3687 v.
672 3627 711 3690 78
735 3639 877 3690 secuntur

384 3768 455 3823 unde
479 3767 569 3842 elapsa
592 3785 667 3824 meos
690 3786 771 3841 agros
794 3770 949 3842 pervenerit
971 3771 1043 3826 unda

160 3899 229 3977 quid
253 3898 309 3959 sibi
338 3898 455 3958 volunt?
484 3906 635 3978 optaverat
657 3909 742 3976 poeta
766 3906 798 3959 nt
820 3902 1052 3979 praecipitarent
1075 3901 1214 3963 rnontibns
1232 3889 1272 3944 lffl'

159 4000 238 4070 bres‚
263 4001 313 4079 qui
335 3999 393 4058 late
416 3998 524 4059 diffuso
547 4000 662 4076 gurgite
686 4012 805 4079 campos
828 4008 964 4061 tenerent
982 4010 1012 4062 et
1034 4005 1063 4062 in
1080 4016 1209 4082 agrorum
1223 3990 1272 4090 l⁰l⁰

160 4108 261 4178 stagna
284 4097 485 4178 praedonibus
511 4099 720 4177 relinquerent.
767 4121 853 4181 qnam
876 4103 965 4180 igitur
988 4122 1048 4163 non
1072 4105 1162 4165 dicam
1183 4095 1270 4164 lessdffl'

161 4202 241 4271 dnm,
264 4201 316 4263 sed
340 4199 501 4261 absurdum
525 4208 554 4260 et
575 4199 730 4261 ridiculum
754 4203 862 4263 trudam
885 4204 997 4281 lingere
1021 4225 1036 4264 e
1059 4205 1165 4282 stagnis
1184 4184 1269 4258 seilicet

160 4300 219 4363 illis
241 4320 331 4381 super
353 4319 441 4382 agros
464 4301 563 4362 effusis
586 4299 730 4380 elapsam,
765 4324 838 4383 qnae
861 4305 897 4364 ad
921 4325 1034 4367 mersos
1056 4293 1268 4367 lluctibusflb'1¹⁰⁵
