2820 4770
638 262 739 305 caena
761 266 782 304 1.
1261 244 1279 307 7

132 432 201 490 vius
231 431 335 505 voluit,
365 431 431 510 quia
459 433 489 490 in
512 432 661 491 Britannia
691 430 760 491 dum
789 432 818 489 in
849 430 983 491 Caesaris
1010 433 1114 492 castris
1143 440 1206 493 erat
1235 433 1278 494 vel

133 534 269 593 exercitii
297 551 384 593 causa
413 531 621 593 declamaverit
644 529 689 590 vel
711 530 747 592 ad
771 531 905 608 regulum
929 534 1029 593 nescio
1053 552 1141 613 quem
1164 533 1279 612 legatus

131 637 244 696 missus
267 614 392 695 dicendo
414 654 447 695 se
468 634 546 714 apud
569 633 704 694 indoctos
726 633 898 712 iactaverit),
923 653 998 712 quae
1020 637 1079 695 sint
1102 637 1279 696 ‘Cora‘aatlaa'a

132 736 243 798 verba'
273 737 353 817 (num
377 737 466 796 mixta
484 754 526 796 ex
549 737 635 795 variis
663 734 774 813 linguis
796 755 833 795 an
857 733 1027 813 venenata),
1056 744 1109 798 lau
1132 740 1279 799 Gallicam

133 838 205 918 quid
229 838 287 899 sibi
310 837 388 917 velit,
412 839 442 897 in
465 837 640 898 ariolatione
661 838 757 916 posita
779 845 856 897 sunt.
895 841 927 896 al
948 838 1075 898 fortasse
1092 857 1152 899 non
1168 839 1277 910 allium,

132 941 187 1000 sed
216 939 296 1000 alum
325 939 369 998 vel
399 938 498 1000 halam
528 946 587 1009 est,
618 957 705 1018 quam
729 938 835 999 Graeci
857 937 891 997 sil
915 938 1072 999 vocabant:
1107 941 1143 1000 cl.
1166 940 1279 1001 Plinius

132 1061 161 1101 u
188 1042 217 1102 b
242 1038 389 1111 xxvlt,
412 1036 463 1100 42
493 1037 653 1109 xxvito,
676 1036 727 1100 41.
773 1038 825 1099 sed
854 1037 899 1099 vel
927 1039 1003 1100 hanc
1031 1040 1070 1101 ob
1099 1060 1218 1101 causam
1242 1061 1278 1103 cx

131 1143 281 1204 libiorum
308 1144 456 1222 scriptura
481 1145 591 1219 psiaae
619 1141 665 1200 vel
686 1145 789 1218 psa‘aaet
777 1139 889 1202 taliud
913 1141 1136 1221 monosyllabon
1161 1142 1277 1203 elicien-

131 1245 205 1305 dum
229 1265 262 1306 ac
286 1243 330 1314 sil,
355 1260 530 1323 quamquam
547 1246 620 1319 psa'n
643 1243 713 1321 quid
738 1261 802 1302 esse
825 1243 918 1321 possit
940 1245 1052 1303 nescio

219 1348 357 1408 Ceterum
388 1352 488 1405 notatu
517 1344 638 1422 dignum
666 1345 754 1404 istum
778 1359 895 1422 quoque
916 1344 1046 1405 Annium
1069 1344 1222 1406 Cimbrum
1245 1356 1277 1406 ul

131 1467 220 1527 quem
244 1450 274 1508 in
298 1447 351 1516 ecl.
376 1444 473 1507 1X3t3
495 1447 577 1507 Maro
600 1443 721 1522 oblique
742 1446 839 1523 tetigit
859 1454 977 1524 poetam
999 1447 1144 1507 Auserem
1167 1449 1196 1508 in
1218 1448 1277 1507 An·

132 1550 207 1608 tonii
235 1549 339 1609 castris
367 1547 473 1616 luisse,
504 1565 562 1625 qam
592 1547 784 1607 confirmatur
807 1546 886 1625 quod
911 1548 942 1607 in
965 1566 1071 1609 comm.
1097 1547 1133 1608 de
1155 1547 1277 1628 Vergilii

131 1651 190 1710 vita
213 1658 244 1709 et
271 1649 389 1728 scriptis
411 1667 440 1727 p.
464 1648 540 1710 XVll
569 1648 698 1717 conieci,
727 1654 863 1708 nostrum
892 1650 950 1708 iam
974 1656 1044 1709 tuuc
1066 1669 1083 1709 a
1106 1655 1225 1710 senatus
1247 1659 1277 1712 et

132 1751 284 1813 Octaviani
306 1750 441 1830 partibus
464 1751 591 1810 stetisse.

216 1851 308 1912 Paulo
331 1853 428 1912 minus
450 1859 529 1912 certa
554 1852 696 1911 memoria
712 1850 749 1910 de
770 1854 906 1911 earma’ne
927 1859 1066 1927 quarto
1088 1854 1142 1913 niti
1158 1854 1274 1915 videtur

136 1957 194 2014 sive
216 1953 314 2014 medio
337 1959 443 2031 quarto
467 1950 585 2013 saeculo
607 1952 718 2012 Marius
734 1953 902 2012 Victorinus
925 1954 987 2013 sive
1010 1972 1099 2031 quem
1115 1957 1140 2015 is
1156 1972 1275 2032 quoque

138 2057 288 2134 exscripsit
309 2053 403 2114 multo
425 2054 574 2131 antiquior
597 2054 682 2113 testis
705 2052 824 2114 Caesius
846 2054 964 2129 Bassus,
990 2073 1058 2115 cum
1081 2055 1158 2116 dicat
1179 2056 1217 2116 lll
1235 2053 1273 2117 17

95 2208 102 2255 ἱ
141 2157 174 2238 (p.
191 2154 249 2218 188
273 2157 306 2216 G.
330 2152 414 2218 2585
429 2151 472 2232 Ρ.)
496 2156 582 2216 ‘lacit
603 2162 758 2234 praeterea
782 2172 898 2214 versum
921 2155 1079 2217 iambicum
1104 2158 1273 2219 trimetrum

144 2269 192 2321 tam
214 2260 382 2321 Simonides
410 2275 498 2334 qnam
520 2260 641 2332 nepolao
663 2258 822 2334 repetitum
845 2265 905 2326 ter,
936 2257 1012 2317 baud
1036 2258 1108 2319 alias
1131 2277 1219 2336 qnam
1242 2267 1275 2320 at

146 2368 219 2426 alant
234 2361 348 2434 secisse
369 2363 486 2434 Verpa'l
475 2377 536 2420 acm
557 2367 693 2419 nostrum
715 2361 843 2420 tambaco
865 2363 1104 2435 epa'arammate:
1127 2362 1274 2422 thalassio

148 2466 276 2528 tlalassa‘o
298 2463 474 2522 tbalassa'o’.
518 2460 570 2520 sed
594 2461 650 2520 boc
674 2462 724 2539 qui
745 2461 829 2530 lecit,
865 2468 945 2520 certe
973 2467 1049 2522 tert
1037 2465 1126 2522 ta'am
1156 2481 1274 2541 quoque

149 2551 172 2630 lo
190 2564 311 2625 eundem
328 2565 513 2624 Nocturnum
535 2563 642 2647 iecisse
664 2561 812 2641 putandus
828 2563 893 2622 erit.
931 2563 982 2638 qui
1004 2563 1029 2622 si
1046 2564 1192 2641 Vergilius
1207 2566 1271 2635 fuit,

151 2666 237 2732 catulli
265 2665 445 2734 studiosum,
478 2663 596 2743 qualem
624 2664 778 2743 priapeum
801 2663 839 2722 lll
869 2670 898 2722 et
926 2662 1085 2724 choliambi
1110 2663 1160 2725 Vll
1189 2665 1271 2725 exhi·

151 2771 268 2836 buerunt,
292 2768 341 2827 bic
365 2784 481 2845 quoque
504 2764 764 2842 deprehendimus

217 2868 296 2929 ldem
325 2887 395 2929 vero
423 2868 473 2945 qui
495 2873 542 2927 ter
564 2868 721 2946 repetitum
744 2865 780 2926 ab
804 2875 874 2927 eol
862 2869 928 2927 tllaa
916 2870 1008 2928 lassa'o
1031 2870 1273 2929 commemoravit

151 2975 187 3032 vix
209 2970 309 3031 dubito
337 2971 409 3049 quin
438 2970 526 3029 etiam
555 2967 684 3047 epodum
706 2974 880 3044 sequentem
905 2968 946 3049 (V)
971 2967 1017 3047 leg
1001 2971 1085 3029 uerit.
1131 2988 1200 3029 nam
1222 2970 1272 3030 ad-

97 3142 105 3169 }
151 3075 227 3134 iunxit
246 3071 304 3132 illis
327 3090 401 3151 quae
424 3089 515 3150 supra
536 3071 689 3149 posuimus
711 3069 799 3131 baec:
824 3070 920 3147 ‘quod
943 3069 987 3130 bis
1003 3073 1187 3132 enuntiatum
1203 3071 1273 3132 lacit

485 3347 626 3403 thalassio
650 3343 817 3402 llaalassa‘o'.

153 3480 189 3539 hic
211 3480 285 3540 enim
313 3481 377 3556 ipse
406 3477 569 3538 versiculus
596 3479 627 3538 in
656 3479 758 3554 quinto
781 3478 910 3539 insertus
934 3486 979 3538 est
1002 3479 1037 3558 (v.
1064 3476 1123 3554 16).
1168 3480 1272 3541 maluit

97 3624 101 3629 .
153 3588 230 3641 autem
256 3581 307 3641 ille
335 3580 544 3648 Hermionam,
574 3598 635 3640 non
664 3598 700 3638 ex
723 3587 824 3640 nostro
854 3581 985 3640 carmine
1013 3587 1162 3660 sumptum
1185 3599 1269 3643 sena·

98 3695 102 3746 ζ
153 3683 211 3742 rium
230 3683 430 3759 praemittere,
454 3683 522 3761 quia
545 3699 611 3741 cum
635 3679 710 3741 solet
729 3681 898 3742 Horatianis
919 3682 1105 3760 potissimum
1130 3683 1271 3762 exemplis

96 3820 102 3847 ι,
154 3785 184 3842 uti
206 3791 262 3842 lum
289 3781 348 3842 boc
380 3781 468 3862 paulo
501 3792 570 3844 ante
606 3801 677 3844 usus
712 3790 765 3843 est.
810 3774 962 3843 auctorem
997 3792 1095 3844 tamen
1130 3787 1270 3846 carminis

97 3915 101 3951 3
154 3902 222 3962 quem
242 3882 393 3954 habuerit,
417 3885 513 3944 conici
534 3885 652 3962 nequit:
682 3903 742 3944 non
765 3884 856 3945 luisse
879 3884 1041 3961 Vergilium
1064 3885 1151 3946 docet
1171 3888 1270 3964 ipsum

97 3978 126 4037 f
154 3986 258 4058 initium,
289 4004 347 4064 quo
374 3987 434 4047 iam
462 4003 563 4047 senem
591 4005 638 4055 se,
670 3994 757 4048 antea
785 3994 882 4047 autem
910 4004 964 4064 per
987 3987 1080 4046 maria
1102 3994 1218 4048 rectum
1241 3996 1271 4048 et

95 4119 99 4155 f
155 4103 218 4146 arma
243 4088 361 4147 victoris
384 4093 518 4147 secutum
542 4106 606 4148 esse
629 4087 700 4147 dicit
721 4095 817 4166 poeta.
863 4106 919 4148 nec
941 4089 1036 4167 potuit
1057 4086 1107 4148 ille
1128 4090 1267 4167 umquam

97 4200 109 4253 a
156 4187 232 4248 valere
250 4189 535 4250 ‘irametanta'aam
553 4189 710 4262 sarorem’
735 4208 821 4249 snum
838 4189 1022 4250 adseverare.
1060 4199 1158 4268 potest
1178 4193 1269 4250 luisse
1308 4246 1311 4252 .

96 4334 107 4356 .=
156 4287 239 4350 Furius
258 4289 424 4361 Bibaculus,
450 4307 539 4367 quem
561 4309 638 4352 anno
653 4287 716 4352 655
739 4291 802 4351 lere
825 4299 926 4353 natum
950 4293 1028 4368 circa
1044 4309 1069 4350 a.
1089 4287 1150 4353 736
1172 4290 1213 4353 sal
1238 4301 1265 4353 el

95 4490 107 4643 l

97 3172 110 3765 p
165 3175 263 3254 poton,
286 3180 342 3235 ita.

397 3263 498 3318 beatus
519 3263 569 3318 ille
591 3265 641 3333 qai
657 3263 764 3332 procul
787 3264 905 3334 mapaliis
