2820 4770
545 293 645 336 error
669 295 690 334 1.
1146 273 1186 338 21

35 459 128 537 quale
151 478 231 521 nune
254 466 390 521 tenemus
412 460 545 521 eiusdem
569 459 696 520 hominis
719 480 791 531 esse,
815 462 865 538 qui
882 460 998 523 dnobus
1016 465 1101 523 annis
1121 474 1187 543 post

40 559 272 639 elegantissimis
293 561 400 641 idylliis
422 582 527 622 novam
551 557 649 640 poesis
670 562 791 623 Latinae
813 565 897 641 quasi
913 571 1039 624 aetatem
1055 566 1186 644 inauspi-

42 673 125 725 catos
155 671 207 723 est.
254 670 357 724 contra
385 683 480 743 puero
509 683 544 724 ex
568 663 668 724 sehola
697 666 959 740 grammaticorum
983 675 1012 727 et
1033 665 1186 726 rhetorum

45 766 164 834 recenti,
189 766 274 825 euius
295 765 409 826 tardius
432 783 519 844 quam
542 764 668 826 aliorum
684 767 835 843 ingenium
852 768 1001 837 maturuit,
1026 785 1086 826 nou
1102 767 1186 827 video

47 866 110 947 quid
139 868 167 926 in
191 864 285 927 enliee
309 886 367 927 non
396 869 490 946 possit
511 869 582 927 satis
605 866 726 944 dignum
751 867 851 927 videri.
898 887 985 946 quam
1009 871 1185 929 sententiam

32 987 102 1055 'non
124 967 346 1037 lahelaetarunt,
371 968 423 1028 sed
447 969 696 1029 eonsrrmarerunt
719 970 805 1030 etiam
829 987 864 1028 ex
889 976 974 1048 parte
996 987 1070 1046 qnae
1085 969 1184 1031 lauda·

51 1070 95 1132 bili
121 1076 252 1130 ceterum
287 1068 437 1147 diligentia
469 1079 497 1130 et
523 1070 734 1148 llertzhergins
762 1072 791 1130 iu
822 1072 966 1131 versionis
993 1072 1186 1133 Germanicae

53 1171 133 1254 prael.
151 1171 310 1250 disputavit
333 1178 362 1231 et
385 1173 556 1251 nuperrime
578 1173 608 1231 in
625 1171 809 1232 Fleckeisoni
831 1172 984 1234 annalibus
999 1172 1186 1252 philologieis

10 1354 12 1359 Ι
54 1276 111 1337 anni
134 1270 216 1333 1866
238 1293 269 1353 p.
292 1270 353 1335 357
376 1291 440 1352 sqq.
464 1275 613 1351 congessit
637 1273 806 1334 Frideriens
829 1274 923 1344 Raur,
953 1293 1078 1353 quornm
1102 1284 1181 1335 uter·

56 1394 102 1454 que
122 1376 308 1454 suppositum
330 1394 395 1435 esso
418 1374 547 1452 Vergilio
570 1393 689 1436 carmen
713 1381 780 1435 aute
803 1375 913 1436 Lucani
935 1376 1079 1436 Martialis
1103 1377 1185 1437 Statii

56 1488 184 1555 tempora,
208 1477 238 1536 h.
256 1495 280 1536 e.
306 1484 374 1536 ante
397 1476 546 1537 Neronem
569 1478 680 1539 statuit.
725 1478 803 1556 quod
826 1485 859 1537 ut
881 1479 1005 1538 relutari
1028 1479 1117 1538 eertis
1139 1497 1185 1538 ar-

10 1586 16 1651 ῖ
55 1578 190 1658 gumeulis
213 1579 258 1636 vix
281 1584 380 1656 potest
410 1577 487 1657 (nam
518 1579 649 1657 potuisse
673 1577 769 1657 decipi
800 1585 828 1638 et
850 1578 991 1657 deceptos
1013 1577 1085 1640 alios
1107 1579 1185 1639 illius

10 1680 16 1749 l
57 1681 145 1742 aetatis
167 1678 303 1740 homines
326 1697 390 1740 osse
414 1681 479 1756 quis
500 1679 615 1759 negoti)
639 1682 678 1739 ita
695 1699 769 1759 quae
785 1679 820 1739 ad
844 1680 1083 1758 persuadendum
1100 1688 1185 1760 aptae

57 1785 103 1844 sint
122 1783 218 1841 causis
240 1781 473 1842 demonstratum
497 1800 563 1841 esse
586 1782 707 1841 minime
731 1781 869 1842 eonoedo.

127 1881 202 1952 Quid
231 1883 309 1942 enim
338 1884 445 1942 mirum
469 1884 493 1942 si
515 1881 578 1942 XVI
601 1901 747 1943 annorum
770 1882 1011 1944 adulescentulus
1034 1883 1185 1945 vocabulis

10 2006 16 2071 j
59 1983 217 2064 quibusdam
245 1989 296 2044 aut
325 1983 534 2043 vocabulorum
557 1983 601 2043 vel
632 1985 734 2045 lormis
758 1983 801 2044 vel
826 1985 997 2045 notionibus
1020 1985 1063 2044 vel
1087 1993 1182 2046 strue-

58 2088 117 2148 turis
143 2104 213 2146 usus
242 2092 301 2154 est,
338 2084 445 2163 quihus
473 2085 527 2144 Xll
559 2087 643 2145 annis
673 2092 743 2165 post
772 2092 918 2147 maturum
949 2096 1064 2166 poetam
1094 2087 1185 2148 absti-

60 2190 141 2250 nuisse
168 2186 318 2246 videmus?
346 2206 474 2266 quornm
502 2195 600 2247 tamen
631 2205 735 2265 magna
764 2206 834 2266 pars
863 2196 895 2248 ut
923 2188 1051 2249 Lucretii
1079 2188 1185 2250 Catulli

60 2290 192 2354 Cieeronis
215 2288 356 2349 Varronis
385 2287 527 2367 exemplis
554 2289 688 2349 firmatur
717 2290 856 2349 duritiem
884 2291 1059 2369 antiquioris
1082 2292 1185 2350 aetatis

61 2410 148 2474 prosae
169 2390 311 2451 orationis
332 2391 477 2450 ieiunitati
499 2389 624 2450 similem
648 2389 771 2459 redolet,
796 2390 850 2450 alia
873 2393 898 2451 si
921 2411 979 2451 non
1002 2391 1131 2468 Vergilii,
1155 2397 1185 2452 at

62 2495 182 2563 aliorum,
212 2491 290 2552 velut
313 2490 407 2552 Ovidii
431 2493 604 2552 auctoritate
627 2494 697 2552 satis
719 2492 934 2562 defenduntur,
964 2492 1019 2553 alia
1044 2492 1181 2553 emenda·

62 2598 125 2657 tione
144 2595 242 2675 potius
265 2612 353 2673 quam
376 2612 502 2653 sensura
526 2595 709 2671 castiganda,
734 2592 789 2654 alia
812 2593 940 2671 deniqne
963 2596 1129 2673 imperitiae
1153 2602 1182 2653 et

63 2698 182 2758 infantiae
204 2697 290 2775 pueri
312 2695 505 2755 condonanda
528 2702 606 2755 sunt.
651 2697 709 2755 iam
727 2693 947 2763 vocabulorum,
971 2695 1182 2774 particularum

33 2788 36 2793 ¹
64 2802 132 2861 etlam
153 2799 293 2876 inopiam,
316 2796 481 2858 fastidiosas
504 2796 687 2876 quarundam
711 2816 816 2857 vocum
836 2799 1038 2875 repetitiones,
1062 2798 1183 2857 omnino
1236 2846 1241 2853 .

64 2903 220 2962 unllormem
245 2905 274 2959 et
297 2898 470 2959 titubantem
499 2917 684 2966 sermonem,
713 2900 873 2958 sententias
902 2917 1006 2977 parum
1029 2897 1185 2974 rotundas,

64 3002 121 3063 male
145 3002 264 3080 ligatas,
294 3000 414 3062 scabras
442 2999 490 3060 hie
519 2999 578 3059 illie
601 3007 689 3078 atque
711 2999 871 3079 inpeditas
900 3001 1010 3078 figuras
1032 3001 1184 3079 quasdam,

25 3154 28 3161 .
64 3103 122 3164 velut
142 3103 338 3183 anaphoram,
362 3100 438 3162 ultra
461 3100 581 3161 modum
604 3103 742 3171 iuventas,
765 3100 962 3180 pleonasmos,
986 3102 1184 3162 eruditionem

55 3204 268 3285 mythologieam
291 3203 475 3265 ambitiosius
499 3203 670 3282 expositam,
694 3210 792 3262 tatuen
816 3203 845 3262 in
868 3205 930 3282 ipsa
954 3203 1078 3262 lahulosi
1094 3221 1183 3280 appa-

62 3317 126 3368 ratus
152 3308 235 3387 eopia
265 3305 428 3384 neglectam
458 3304 495 3364 de
522 3303 679 3382 insepultis
707 3310 788 3362 trans
811 3304 939 3383 Stygiam
958 3301 1101 3382 'paludem
1124 3323 1184 3364 non

64 3408 183 3468 vehendis
211 3406 323 3486 legem,
354 3406 443 3467 multa
470 3406 599 3482 deniquo
622 3403 758 3482 languida
781 3405 874 3464 otiosa
897 3404 1035 3484 perversa
1058 3403 1184 3465 ridicula

63 3510 119 3570 adeo
139 3510 204 3588 quis
225 3511 256 3570 in
279 3511 376 3570 tirone
399 3508 574 3569 mirabitur?
589 3525 705 3590 'verum
729 3513 774 3565 est
795 3505 886 3566 semel
911 3505 988 3584 (nam
1012 3527 1038 3567 v.
1058 3503 1123 3567 202
1139 3526 1182 3585 sq,

11 3648 16 3670 -.
63 3609 152 3690 duplex
179 3617 225 3670 est
252 3609 298 3670 ‘et
319 3609 384 3669 Nox
408 3657 414 3669 .
440 3657 446 3669 .
471 3657 478 3668 .
503 3615 533 3668 et
554 3605 696 3687 Vesper')
725 3615 793 3686 post
815 3609 872 3668 tria
895 3607 1034 3669 vocabula
1057 3608 1183 3687 positam

12 3720 16 3725 '
63 3730 112 3772 esse
137 3708 273 3791 copulam
301 3717 330 3771 et
352 3710 387 3790 (v.
410 3707 480 3790 52),
510 3712 595 3770 euius
623 3710 758 3769 licentiae
786 3710 817 3768 in
845 3708 988 3770 bucolicis
1017 3712 1184 3786 ueterisque

10 3814 19 3855 ἱ
62 3814 168 3891 perlecti
200 3819 305 3890 poetae
328 3811 470 3891 operibus
503 3810 637 3890 exempla
667 3810 789 3879 desunt,
823 3810 874 3871 sed
903 3811 1181 3878 Alexandrinorum,

63 3930 170 3990 quornm
198 3913 295 3974 studio
327 3912 534 3973 nutriebantur
561 3912 609 3972 illa
632 3920 726 3973 aetate
749 3918 829 3972 vates
851 3911 968 3981 tenelli,
998 3912 1183 3972 Insolentiam

62 4034 106 4076 uon
131 4015 314 4095 repudiatam
339 4034 354 4075 a
378 4015 515 4076 Lucretio
545 4013 646 4092 ‹pridui
674 4015 788 4093 pariter
818 4033 851 4074 ae
880 4013 1009 4075 dirarum
1029 4022 1131 4075 auctor
1155 4019 1184 4072 ct

13 4134 20 4158 ²
62 4116 198 4196 inepodis
219 4117 368 4187 Horatius,
392 4118 443 4196 qui
465 4123 533 4196 post
555 4115 613 4176 dno
636 4113 828 4175 voeabulaet
817 4117 1038 4175 tinseruerunt
1061 4113 1126 4194 (dir
1141 4111 1184 4174 44

10 4208 14 4213 ’
64 4215 250 4296 ep.lod,23.
276 4215 325 4288 16,
341 4215 405 4298 40),
429 4226 458 4278 et
480 4216 623 4286 Tibullus,
648 4218 697 4297 qui
721 4216 813 4277 semel
837 4216 913 4275 idem
936 4235 1023 4276 ausus
1047 4222 1092 4275 est
1115 4212 1182 4294 (12

10 4242 26 4461 ¹
62 4236 109 4399 91),
128 4321 339 4382 inexercitatus
361 4326 462 4383 noster
485 4337 602 4401 quoqne
625 4319 799 4383 adulescens
821 4317 913 4382 semel
928 4317 1064 4380 audendo
1079 4334 1183 4396 super·

10 4508 25 4659 l
