2820 4770
229 274 291 322 xv1
697 253 905 319 pressino.

229 441 343 506 eundis
372 441 460 505 curis
488 439 726 504 emendandum
754 439 857 504 fuisse
884 440 940 525 qui
973 441 1136 504 censuerit
1164 440 1215 524 (ut
1241 440 1366 508 fuerunt

229 527 285 612 qui
300 524 494 608 censerent),
510 524 540 586 ei
555 523 636 586 nihil
657 523 808 609 equidem
822 523 962 589 habeam
978 524 1066 609 quod
1080 545 1254 610 opponam.
1277 525 1364 610 plane

229 609 409 674 absurdum
437 629 508 672 esse
530 606 682 672 Nauckio
712 630 780 672 non
807 606 1000 672 concedam:
1029 630 1106 672 nam
1133 629 1251 673 cornea
1278 621 1364 693 porta

231 716 305 758 cum
326 691 452 757 umbris
475 701 603 757 tantum
629 713 713 777 quae
736 691 779 755 ad
805 691 929 756 inferos
952 691 1131 778 paullisper
1153 691 1363 776 escenderent,

231 778 290 842 sed
313 799 389 841 mox
411 777 576 840 rediturae
591 785 716 857 essent,
740 785 868 862 pateret
883 798 943 840 nec
981 776 1132 841 racberet
1145 786 1277 863 praeter
1291 779 1371 846 hane

230 870 262 926 et
285 863 439 942 alteram,
461 882 528 946 qua
548 860 627 924 ficta
648 861 838 926 umbrarum
867 799 1043 924 simuldcra
1071 860 1255 942 evolarent,
1279 867 1363 929 tertia

230 946 372 1027 exitum,
397 967 476 1009 sane
499 945 647 1030 quamvis
670 945 775 1008 invito
798 967 857 1030 per
879 945 1056 1009 eburneam
1078 945 1282 1010 redeundum
1304 963 1362 1015 erat

229 1031 379 1110 Aeneae,
406 1051 467 1093 nec
488 1029 684 1111 verendum,
707 1039 744 1092 ut
765 1029 813 1093 ait
834 1027 1003 1115 HeyniuS,
1025 1052 1067 1094 ne
1089 1032 1194 1095 omnis
1217 1053 1261 1094 ex
1282 1053 1361 1116 prae·

230 1114 433 1180 stantissimo
457 1113 603 1200 episodio
625 1122 781 1212 percepta
802 1114 953 1198 voluptas
976 1123 1142 1200 tamquam
1164 1137 1251 1180 vana
1273 1124 1305 1179 et
1323 1117 1364 1180 in?

230 1199 300 1264 anis
325 1197 535 1262 dilaberetur.
565 1220 669 1284 neque
686 1219 772 1261 enlm
787 1220 870 1283 quae
886 1198 971 1263 vidit
986 1209 1085 1284 atque
1101 1199 1229 1264 audivit
1243 1200 1361 1266 Aeneas

230 1280 319 1369 apud
340 1282 463 1346 inferos
486 1304 529 1346 ex
548 1295 646 1381 porta
660 1281 717 1345 illa
732 1291 897 1367 tamquam
920 1282 1023 1346 ‘falsa
1037 1283 1218 1347 insomnia'
1241 1283 1285 1346 ad
1299 1305 1361 1348 eum

229 1376 447 1454 pervenerant
468 1374 526 1430 aut
547 1388 617 1452 1pse
633 1369 762 1430 Aeneas
777 1375 866 1446 tunc,
890 1388 963 1430 cum
979 1389 1020 1430 ex
1035 1366 1121 1431 Orco
1144 1377 1361 1451 reverteretur,

230 1453 371 1539 primum
393 1453 478 1514 inter
499 1449 655 1514 mortales
680 1449 876 1514 dormientes
895 1472 934 1514 ac
956 1452 1155 1516 somniantes
1177 1452 1252 1517 illos
1275 1474 1361 1539 appa-

229 1538 311 1618 ruit,
333 1545 370 1599 ut
387 1548 412 1598 'a
432 1535 645 1619 vigilantibus
668 1556 728 1619 pro
750 1533 850 1598 nihilo
873 1533 988 1600 haberi
1009 1546 1130 1620 posset.
1167 1546 1296 1622 portam
1316 1560 1362 1601 au-

231 1631 297 1686 tem
320 1621 349 1684 si
371 1620 470 1683 semel
492 1620 760 1684 commemoravit
780 1619 965 1703 Vergilius,
987 1622 1048 1684 vix
1069 1630 1198 1706 poterat
1219 1643 1287 1686 non
1307 1622 1363 1685 Ho-

230 1705 312 1770 meri
338 1704 523 1767 meminisse
551 1704 685 1790 eiusque
713 1702 954 1784 auctoritatem,
995 1713 1152 1789 quantum
1180 1727 1199 1769 e
1226 1727 1262 1769 re
1291 1715 1362 1786 erat,

232 1812 267 1854 se
289 1789 334 1853 ui.
364 1809 441 1872 ergo
464 1789 606 1872 antiquis
630 1788 788 1868 testibuS,
811 1789 867 1873 qui
881 1788 939 1852 hos
954 1810 1070 1852 versus
1086 1787 1139 1853 vel
1154 1788 1364 1855 laudaverunt

232 1812 289 1939 vel
306 1882 344 1937 ut
365 1873 532 1937 Ausonius
555 1873 591 1935 in
612 1871 764 1957 cupidine
788 1872 877 1934 cruci
899 1872 1008 1936 adfixo
1030 1896 1063 1936 v.
1089 1874 1148 1938 103
1172 1875 1219 1959 (p.
1243 1873 1304 1938 166
1319 1874 1363 1960 Β.)

231 1958 350 2022 imitati
372 1965 463 2038 sunt,
486 1955 683 2021 credendum
705 1978 777 2020 esse
800 1956 899 2019 etiam
912 1979 999 2021 nunc
1013 1967 1105 2043 puto,
1128 1959 1278 2043 quamvis
1300 1980 1364 2044 pro·

231 2051 401 2130 perantem
423 2051 456 2104 et
477 2041 562 2104 male
585 2039 769 2105 consultum
790 2049 921 2127 poetam
942 2041 977 2104 in
999 2042 1050 2105 his
1073 2064 1262 2126 agnoscam.

316 2131 598 2191 Arundeliunas
620 2124 760 2208 Vergilii
781 2125 934 2206 schedas,
951 2125 991 2188 de
1006 2125 1125 2212 quibus
1139 2126 1273 2192 Pertnio
1288 2135 1364 2191 teste

155 2255 156 2258 κ
230 2213 265 2275 in
286 2210 433 2296 prolegg.
456 2232 488 2295 p.
511 2210 573 2273 361
595 2211 722 2289 monui,
753 2209 872 2274 nonin
894 2232 1006 2274 museo
1028 2210 1235 2292 Britannico,
1260 2211 1364 2275 sedin

232 2295 369 2378 collegio
399 2294 564 2359 heraldioo
599 2295 670 2358 sive
702 2315 865 2358 armorum
891 2293 979 2379 quod
1005 2294 1149 2358 Londini
1176 2304 1226 2359 est
1261 2304 1364 2360 extare

230 2401 318 2445 nunc
345 2377 499 2444 Guilelmi
526 2377 687 2461 Wagneri
714 2378 831 2441 litteris
859 2400 889 2441 a.
918 2377 949 2440 d.
977 2378 1008 2440 V
1036 2378 1112 2443 Kal.
1140 2380 1221 2444 Deo.
1252 2380 1295 2444 ad
1321 2400 1363 2443 me

233 2465 318 2530 datis
342 2463 493 2549 comperi.
547 2463 581 2526 ui
604 2485 679 2526 cum
700 2460 773 2525 illas
788 2462 1006 2546 indagaverit,
1029 2485 1107 2526 mox
1122 2486 1157 2527 se
1171 2464 1282 2530 varias
1297 2462 1362 2528 inde

232 2549 409 2634 scripturas
431 2548 465 2609 in
483 2484 702 2645 philologicos
724 2547 889 2611 societatis
905 2569 989 2632 quae
1008 2548 1162 2613 dicuntur
1183 2549 1361 2613 transactio·
1383 2628 1386 2634 Ι

230 2633 327 2697 nibus
349 2640 607 2717 composrturum
629 2653 700 2696 esse
721 2631 893 2717 promittit.

314 2733 427 2796 Mense
449 2731 643 2797 Novembri.

651 2925 951 2932 m

569 3172 573 3177 ¹
648 3072 799 3149 insunt
829 3074 938 3149 haec:

231 3226 446 3292 Prolegomenon
462 3228 546 3290 capl
561 3225 595 3275 de
610 3225 801 3290 opusculorum
811 3242 882 3291 quae
891 3228 1247 3294 ferunturVergilisnomm

560 3293 649 3344 titulis
667 3294 826 3345 auctoribus
845 3300 940 3346 aetate
953 3331 1221 3348 .......
1258 3313 1318 3363 pag.
1350 3298 1360 3344 1

474 3399 490 3420 ,‚
514 3362 542 3412 II
559 3361 592 3411 de
611 3361 690 3411 libris
708 3363 903 3427 manuscriptis
956 3401 1293 3427 ........
1336 3365 1361 3413 11

334 3465 350 3490 ,,
471 3465 488 3491 „
507 3430 549 3479 ΙΙΙ
562 3429 595 3479 ‹le
614 3429 779 3479 emendandi
795 3434 887 3480 textus
906 3431 1059 3481 rationibus
1086 3468 1293 3495 ......
1335 3433 1360 3482 19

233 3495 320 3546 Culex
351 3533 1224 3554 .....................
1258 3538 1294 3563 ,,,
1335 3500 1360 3548 il

232 3562 305 3613 Ciris
350 3600 619 3617 .......
656 3602 661 3611 .
698 3603 1293 3627 ...............
1335 3568 1359 3617 91

233 3630 311 3694 Copa
352 3666 1294 3697 ........................
1323 3636 1360 3684 119

231 3699 365 3748 Moretum
396 3733 1293 3764 ......................
1323 3701 1361 3751 131

233 3765 380 3817 Octalccta
392 3801 743 3818 .........
774 3770 779 3775 ’
781 3804 1003 3820 ......
1040 3813 1046 3823 ,
1084 3805 1293 3828 .....
1323 3768 1362 3818 141

232 3832 317 3882 Dirae
348 3867 873 3888 ..............
912 3872 916 3881 .
955 3873 1294 3899 ........
1324 3836 1363 3886 111

232 3898 324 3963 Lydia
349 3936 962 3955 ...............
967 3908 971 3913 ’
998 3940 1295 3965 ........
1324 3904 1364 3953 119

231 3968 364 4017 Rosetum
391 4003 1230 4025 ....................
1287 4009 1295 4034 ,
1325 3972 1365 4021 119

231 4034 283 4084 Est
302 4038 330 4084 et
346 4035 407 4084 Non
435 4067 615 4088 .....
655 4077 661 4088 .
698 4071 1226 4088 .............
1275 4076 1296 4104 ‚,
1325 4040 1368 4089 181

231 4101 281 4150 Vir
298 4102 387 4152 bonus
439 4137 1294 4167 .....................
1325 4107 1369 4157 181

233 4168 325 4233 elegia
341 4169 370 4218 in
388 4169 610 4219 Maecenatcml
656 4205 662 4219 .
701 4206 707 4219 .
745 4208 750 4219 .
787 4208 793 4220 .
825 4183 828 4187 ’
830 4209 1296 4234 ............
1326 4175 1371 4230 191

267 4271 363 4301 s„
467 4273 484 4299 2,
586 4237 615 4287 ΙΙ
659 4275 1296 4304 ................
1326 4218 1408 4313 roas

639 4391 943 4398 Ἣ
