2820 4770
136 241 198 306 114
668 259 762 303 etms.

219 429 269 491 iiie
292 449 371 502 mea,
394 429 444 491 ilie
465 428 544 490 idem
558 435 717 509 -oppugnat
738 427 914 508 praecordia
938 428 1043 489 Minos.

220 540 297 620 quod
320 558 374 620 per
395 547 426 600 te
448 539 546 600 divum
568 537 690 600 crebros
712 545 856 599 testamur
879 555 995 599 amores

219 667 332 730 perque
353 656 436 710 tuum
459 649 584 710 memori
606 656 741 711 sanetum
764 649 834 710 mihi
858 656 962 729 peetus
985 647 1132 719 alumnae,

219 767 253 820 ut
275 779 322 821 me
344 762 368 820 si
390 778 509 821 servare
531 766 616 838 potes
639 778 676 821 ue
699 758 826 840 perdere
849 758 949 828 malis;

220 872 267 930 sin
290 877 387 932 autem
411 876 527 951 aptatae
550 887 618 948 spes
641 878 686 932 est
708 871 801 931 ineisa
823 868 935 940 salutis,

220 999 258 1041 ne
281 979 353 1041 mihi
376 997 461 1058 quam
486 982 582 1042 merui
604 980 749 1050 invideas,
773 977 936 1050 nutricula,
960 987 1096 1040 mertem.

219 1109 288 1152 nam
312 1092 367 1150 nisi
390 1097 420 1150 te
443 1089 531 1151 nobis
553 1088 662 1162 malus,
686 1089 837 1160 amalus,
861 1091 970 1169 optima
995 1090 1109 1160 Carme,

219 1209 287 1266 ante
309 1200 387 1261 hune
410 1207 601 1280 conspectum
625 1219 746 1262 casusve
769 1200 876 1262 deusve
899 1199 1025 1270 tulisset,

101 1348 102 1351 =
220 1320 270 1372 aut
292 1311 372 1371 ferro
394 1310 467 1372 hee'
493 1311 598 1391 (aperit
619 1312 732 1373 terrum
756 1309 833 1390 quod
857 1317 935 1371 reste
957 1309 1076 1387 latebat)

219 1424 423 1501 ‘purpureum
444 1423 537 1500 patris
560 1419 755 1500 dempsissem
778 1422 889 1482 vertice
910 1421 1024 1486 crinem

220 1537 271 1591 aut
292 1530 366 1591 mihi
387 1532 537 1611 praesenti
559 1533 741 1612 peperissem
765 1531 886 1592 volnere
909 1529 1029 1590 letum'.

261 1642 313 1702 Vir
337 1629 415 1702 haee
434 1640 580 1710 ediderat,
605 1659 673 1702 eum
696 1640 780 1703 clade
804 1641 942 1703 exterrita
966 1641 1043 1701 tristi

219 1753 353 1812 intonsos
376 1751 469 1813 multo
492 1751 628 1831 deturpat
648 1751 771 1832 pulvere
794 1753 891 1812 crines

221 1869 250 1923 et
272 1861 399 1940 graviter
422 1869 527 1939 questu
550 1862 654 1922 Carme
677 1862 841 1943 complorat
862 1861 944 1923 anili:

219 1971 254 2032 ‘0
276 1971 350 2032 mihi
371 1990 451 2033 nune
472 1973 579 2033 iterum
603 1971 732 2033 erudelis
755 1970 871 2033 reddite
892 1973 997 2040 Minos,

220 2101 238 2142 ο
259 2083 367 2143 iterum
390 2089 509 2142 nostrae
530 2082 626 2143 Minos
648 2083 768 2143 inimiee
791 2088 938 2152 senectae,

220 2210 337 2272 semper
359 2199 392 2252 ut
413 2200 465 2252 aut
486 2189 556 2253 alirn
578 2198 664 2253 natae
685 2200 715 2253 te
737 2200 859 2272 prepter
882 2191 1008 2252 eundem

219 2310 270 2362 aut
291 2319 373 2362 amor
394 2302 515 2362 insanae
536 2300 649 2363 luctum
670 2309 803 2380 portaret
824 2299 972 2362 alumnae!

220 2420 287 2486 tene
310 2429 364 2490 ege
388 2418 446 2472 tam
468 2410 556 2489 lenge
579 2419 664 2491 capta
686 2417 774 2491 atque
797 2419 897 2472 avecta
919 2413 1047 2489 nequivi,

221 2530 278 2583 tam
300 2539 389 2598 grave
411 2501 579 2592 servitium,
604 2528 663 2582 tarn
686 2521 777 2583 deiros
800 2540 884 2601 passa
906 2521 1033 2591 labores,

219 2632 365 2708 effugere,
389 2632 529 2691 dsistam
553 2632 675 2691 exitium
700 2638 731 2691 ut
753 2631 874 2692 crudele
897 2633 1050 2691 meorum?

135 2783 337 2793 ...ι-.-

198 2852 258 2912 273
281 2871 330 2928 per
356 2861 384 2910 te
407 2854 433 2910 Β
456 2861 483 2909 te
510 2869 559 2927 per
582 2853 674 2912 HLeu
746 2862 876 2910 testamur
898 2855 925 2911 Β
949 2853 1074 2912 obtestor
1099 2856 1188 2915 HLee

135 2938 195 2997 274
218 2940 330 2994 memori
356 2945 479 2994 sanetum
502 2938 627 3012 Sillipius
654 2940 779 2994 memoris
808 2933 890 2994 auctu
910 2940 968 2996 HR
997 2943 1125 2998 memoris
1148 2942 1215 2997 hausi

135 3025 196 3082 Lea
218 3024 330 3079 memori
353 3023 480 3079 haustum
495 3023 627 3096 Scaliper
649 3025 760 3080 memori
781 3031 887 3079 suetum
903 3027 967 3081 otim
982 3027 1134 3098 Hauptius
1148 3043 1215 3100 quaa

136 3109 237 3165 Catuli.
262 3108 301 3164 78
373 3103 471 3181 alfipne
494 3106 524 3161 H
615 3106 675 3165 275
699 3107 730 3163 Ui
752 3107 782 3164 H
851 3124 960 3165 seruare
987 3117 1065 3184 petes
1089 3130 1109 3166 a
1132 3127 1207 3168 uersa

133 3201 209 3267 petes
237 3193 295 3249 HR
324 3208 433 3248 uersare
460 3201 538 3265 potes
561 3193 601 3250 Le
679 3209 713 3249 ne
735 3212 754 3247 α
782 3210 831 3248 nee
853 3193 952 3252 HLHe
1046 3194 1107 3254 276
1131 3204 1215 3270 optate

198 3277 257 3337 277
281 3293 315 3332 ne
336 3296 355 3332 e
377 3277 432 3333 Nee
453 3278 552 3335 HLRe
616 3277 740 3333 inuideas
764 3279 796 3334 H
815 3277 945 3335 inuideris
968 3280 995 3336 Β
1083 3281 1144 3340 278
1160 3275 1215 3357 uisi]

133 3363 176 3417 Lat
200 3404 207 3418 .
232 3403 239 3417 .
263 3364 286 3418 si
307 3377 323 3421 ε
393 3361 500 3417 eharme
523 3363 587 3420 Βεα
680 3361 740 3420 279
763 3362 825 3418 huie
847 3363 877 3418 H
900 3364 928 3418 in
950 3364 1208 3422 Drakenborehiaa

134 3453 195 3502 ante
223 3453 392 3520 expectatum
420 3445 553 3519 Sealiper
652 3444 714 3505 280
736 3447 776 3519 es.
800 3447 871 3504 Aen.
896 3447 928 3502 vt
949 3447 1012 3507 406
1092 3450 1190 3506 auferri

134 3531 173 3588 Le
249 3531 337 3603 operit
358 3531 385 3587 Β
410 3532 490 3604 capiti
511 3531 551 3588 Le
629 3530 739 3586 serriL
766 3530 877 3591 serrae
978 3532 1037 3590 281
1062 3534 1215 3590 demsissem

197 3613 258 3672 282
281 3615 344 3670 mihi
365 3617 500 3688 praesenti
520 3617 623 3672 desunt
643 3619 673 3672 ia
694 3619 802 3673 lacuna
825 3618 865 3675 Le
935 3618 1048 3674 uulnere
1070 3618 1154 3675 HLR

134 3700 161 3756 Β
226 3697 286 3756 283
309 3700 380 3755 tristi
399 3718 419 3754 α
442 3701 527 3756 tristis
549 3700 647 3762 utne
725 3725 729 3745 ι
755 3699 963 3758 2841nt0nsus
985 3705 1158 3760 e'ineemtos
1181 3703 1215 3760 H

133 3787 209 3840 sius:
238 3787 334 3855 possis
359 3783 504 3840 inmundas
531 3787 576 3842 ael
601 3784 691 3840 infuse
721 3789 855 3842 conicere
884 3789 949 3844 coll.
978 3788 1049 3852 Aea.
1080 3788 1126 3844 xit
1155 3789 1213 3846 611

133 3868 239 3924 Catulli
263 3867 341 3922 txtv
369 3867 430 3924 224
510 3870 629 3943 turpauit
650 3870 690 3927 Le
791 3869 851 3927 285
874 3873 973 3928 earmie
995 3875 1028 3929 H
1052 3874 1163 3930 eharme
1183 3875 1215 3930 nt

196 3952 256 4010 287
279 3948 390 4028 iterum]
415 3954 526 4009 nimium
540 3954 580 4011 Le
666 3953 726 4011 288
750 3963 780 4010 ut
795 3954 987 4028 Sebraderus,
1012 3976 1065 4014 om.
1088 3958 1147 4014 HR
1169 3966 1215 4014 et.

194 4045 257 4093 nate
278 4038 306 4094 Β
328 4045 389 4092 nata
411 4051 465 4095 οε
550 4037 611 4095 289
634 4037 709 4095 Haud
731 4040 764 4096 H
830 4039 914 4117 lptum
933 4042 960 4098 Β
1024 4050 1147 4116 portaret
1162 4045 1215 4100 Sci

131 4123 220 4179 derus
240 4123 362 4195 portauit
383 4120 502 4179 murtea
594 4120 656 4180 290
678 4125 777 4181 om.L
845 4124 957 4181 aduecta
975 4127 1005 4183 ’Β
1098 4127 1200 4184 2920

132 4213 183 4262 tam
207 4208 318 4262 exitium
342 4213 371 4262 ut
392 4210 506 4278 scripsi.
551 4205 678 4264 obsistam
706 4209 816 4269 exitium
840 4208 935 4268 ΗΒεα
963 4212 1074 4267 exitium
1096 4212 1215 4269 obsistat

132 4297 162 4346 ut
182 4292 275 4347 sistam
296 4292 406 4349 exitium
428 4292 564 4349 Pithoeus
