2820 4770
590 318 832 360 enonaaonaun.
1240 296 1280 359 57

136 465 368 547 advenirent’h
410 468 481 528 Nam
511 475 542 527 ut
571 468 657 527 amici
686 467 901 546 familiaresque
930 476 1034 547 poetae
1061 469 1092 527 in
1121 469 1178 536 cis,
1208 485 1282 546 qnae
1312 462 1317 471 ’

134 566 174 627 de
197 570 319 646 ingenio
341 569 535 649 moribusque
559 570 622 630 cius
640 571 799 630 memoriae
816 569 979 661 tradidisse
1003 568 1141 630 dicuntur
1157 588 1172 629 a
1188 569 1283 630 Gellio

135 669 214 735 Xllll
239 669 292 742 10,
323 671 422 733 dicero
445 673 540 751 ipsum
565 671 683 732 solitum
708 689 772 732 esse
797 666 1006 741 narraverunt,
1036 672 1152 751 peperit
1179 688 1283 731 versus

136 788 221 832 marc
245 780 333 852 atque
355 775 415 834 ritu
437 774 551 843 ursino,
580 781 614 834 ut
635 774 780 835 informes
802 773 953 850 rudesque
976 774 1072 853 primo
1095 773 1207 850 ingenii
1229 773 1283 832 im·

135 880 208 952 petn
231 875 354 936 iactatos
378 874 507 936 limando
529 874 671 955 paulatim
691 874 903 954 tractandoque
926 875 961 935 ad
986 876 1058 936 artis
1080 876 1208 954 speciem
1233 893 1281 934 ox·

131 974 232 1054 polire
256 976 377 1039 adsidue
400 995 520 1058 operam
544 976 637 1038 daret.

222 1077 376 1140 Nascentis
398 1079 543 1159 poematis
566 1079 667 1140 laudes
689 1079 860 1158 Propertius
883 1077 976 1156 elegia
1003 1077 1092 1157 paulo
1114 1086 1181 1157 prust
1204 1095 1282 1138 mor-

137 1187 220 1240 tuum
250 1199 327 1242 aurio
356 1177 417 1240 728
441 1179 609 1242 Cornelium
634 1179 749 1241 Gallum
777 1186 894 1260 poetam
923 1181 1033 1259 scripta
1056 1179 1096 1239 lll
1118 1176 1160 1240 34
1184 1179 1229 1258 (cl.
1255 1199 1282 1240 v.

136 1277 176 1340 91
201 1299 245 1359 sq.
270 1289 299 1343 ct
322 1283 440 1361 Cassius
462 1282 515 1343 nio
539 1282 603 1342 Llll
625 1279 676 1361 23)
701 1281 746 1342 his
769 1282 878 1342 cecinit
901 1301 926 1341 v.
949 1278 991 1343 59
1014 1298 1094 1361 sqq:

341 1439 383 1478 mc
404 1423 477 1478 iuvet
497 1422 631 1478 hesternis
652 1423 773 1495 positum
795 1420 922 1495 languere
944 1419 1068 1488 corollis,

383 1523 463 1580 quem
487 1508 579 1580 tetigit
601 1509 673 1562 iactu
696 1513 789 1563 certus
812 1506 844 1563 ad
868 1524 930 1562 ossa
952 1506 1036 1570 dens,

341 1593 415 1647 Actia
439 1591 586 1666 Vergilium
609 1591 729 1647 custodis
752 1591 832 1648 litora
854 1590 970 1654 Phoebi,

382 1675 501 1732 Caesaris
524 1685 551 1731 et
572 1676 659 1732 sortes
682 1677 771 1732 dicere
793 1693 875 1750 posse
897 1684 986 1740 rates,

341 1762 387 1834 qui
411 1778 483 1816 nuuc
505 1762 611 1816 Aeneae
635 1761 743 1816 Troiani
767 1764 882 1818 suscitat
904 1777 976 1817 arma

383 1847 507 1919 iactaque
530 1845 635 1900 Lavinis
659 1847 763 1901 moenio
790 1844 926 1902 litoribus.

340 1930 427 1986 cedite
450 1930 562 1985 Romani
585 1931 749 2004 scriptores,
773 1929 861 1986 cedite
885 1930 960 1986 Grai:

383 2016 474 2071 nescio
498 2014 562 2088 quid
585 2014 669 2070 maius
692 2016 813 2071 nascitur
835 2014 925 2071 iliade.

134 2162 201 2224 Non
232 2166 310 2224 enim
339 2165 485 2244 persuasit
513 2163 543 2224 C.
572 2162 741 2224 lleimreich
770 2165 801 2223 in
830 2170 955 2243 quaestt.
987 2163 1133 2242 Propertt.
1159 2165 1280 2224 Bonnac

136 2261 220 2326 1863
250 2266 336 2326 editis
363 2283 392 2344 p.
415 2262 457 2325 46
480 2282 544 2344 sqq.
572 2267 724 2326 coniciens
751 2265 946 2344 interpolatos
975 2283 1039 2325 esse
1067 2283 1110 2325 vv.
1134 2261 1280 2326 61-80,

135 2365 275 2427 Concedo
299 2367 479 2446 separandos
502 2385 568 2429 esse
591 2369 643 2445 qui
657 2369 806 2444 integrum
822 2385 942 2427 carmen
959 2367 1090 2427 efficiunt
1105 2385 1148 2427 vv.
1169 2365 1218 2425 1-
1232 2364 1280 2437 18,

136 2475 166 2528 ct
189 2471 218 2528 in
242 2468 335 2529 altero
359 2468 437 2545 qnod
461 2470 491 2528 in
514 2468 597 2529 libris
620 2467 790 2528 adiunctum
815 2476 858 2529 est
880 2467 1014 2529 ordinem
1039 2486 1177 2529 versuum
1201 2486 1280 2529 com·

135 2568 273 2649 pluribus
296 2570 377 2639 locis,
402 2569 480 2631 velut
501 2572 598 2630 statim
621 2576 688 2649 post
710 2587 735 2629 v.
760 2566 800 2629 66
825 2569 863 2647 (id
884 2571 962 2648 qnod
981 2568 1201 2629 lachmannum
1221 2588 1280 2629 non

135 2671 222 2751 sugit)
246 2673 354 2732 misere
379 2671 526 2732 turhatam
550 2678 580 2732 et
601 2671 713 2732 lacunis
736 2673 861 2731 sortasse
884 2669 1043 2732 laceratum
1068 2670 1198 2750 esseilh:
1230 2671 1281 2732 sed

135 2771 211 2833 haec
233 2792 309 2853 quae
331 2791 420 2852 supra
444 2772 587 2852 descripsi
610 2792 663 2833 our
686 2771 861 2852 displiceant
883 2772 956 2833 adeo
982 2791 1042 2834 non
1065 2772 1220 2851 intellego,
1251 2778 1283 2832 ut

136 2875 249 2935 heroici
283 2874 342 2935 stili
378 2875 551 2952 gravitatem
580 2875 739 2935 amatoriae
774 2874 911 2934 lasciviae
944 2875 1054 2954 opponi
1083 2873 1128 2934 vel
1158 2882 1282 2953 propter

135 2977 276 3036 Varronis
291 2978 404 3037 Atacini
420 2975 587 3053 exemplum
604 2995 629 3035 v.
644 2972 685 3036 85
700 2975 828 3036 adlatum
845 2983 945 3055 putem
963 2977 1162 3036 necessarium
1179 2976 1280 3037 luisse.

134 3076 193 3148 Qui
220 3096 286 3138 cum
316 3080 391 3139 item.
416 3085 448 3138 nt
476 3076 622 3156 Vergilius
650 3085 770 3156 praeter
799 3076 905 3138 heroas
934 3085 963 3137 et
991 3084 1149 3157 praecepta
1178 3076 1282 3138 luserit

208 3331 233 3396 l⁶)
258 3333 315 3383 Hos
333 3334 407 3382 inter
424 3332 556 3384 tibicines
579 3330 723 3382 admodum
742 3331 947 3382 inconsiderate
967 3328 1075 3380 rettulit
1094 3329 1205 3381 Servius
1224 3330 1280 3380 ele·

133 3422 248 3480 gentem
266 3432 374 3467 versum
388 3417 411 3466 V
423 3418 473 3467 457
492 3421 575 3466 ‘nunc
593 3416 690 3466 dextra
707 3416 881 3481 ingeminans
900 3415 979 3478 ictus,
999 3430 1071 3464 nnnc
1089 3415 1137 3464 ille
1156 3416 1280 3465 sinistra’

134 3499 184 3567 (cf.
206 3502 338 3566 Wagneri
358 3505 464 3565 quaest.
483 3503 566 3566 Verg.
581 3501 645 3550 XXI
657 3500 685 3562 8)
704 3504 732 3552 et
749 3500 788 3552 VI
807 3502 865 3560 186,
884 3500 931 3550 ubi
949 3500 1058 3549 minime
1077 3501 1279 3563 ‘vacatsorte’z

133 3602 200 3636 nam
224 3588 335 3638 fortuna
358 3585 545 3636 intercedente
569 3585 646 3650 ipsas
669 3599 766 3650 preces
790 3586 885 3635 statim
909 3588 1022 3634 secutae
1049 3588 1113 3634 sunt
1135 3597 1202 3635 aves
1225 3600 1280 3632 ma·
1315 3630 1318 3635 .

133 3675 242 3722 ternae.

203 3753 242 3819 **)
263 3755 395 3805 Correcto
415 3753 529 3805 alterius
550 3753 658 3820 elegiae
677 3754 740 3804 inde
761 3770 777 3804 a
795 3772 820 3804 v.
840 3757 872 3804 23
891 3754 970 3805 initio
987 3753 1060 3804 hunc
1073 3752 1102 3803 in
1120 3753 1241 3803 modum:
1313 3794 1317 3799 .

288 3840 332 3888 Sic
351 3837 416 3903 (Sed
432 3837 519 3904 vulg.)
538 3853 685 3902 numquam
704 3839 781 3889 vitae
799 3837 881 3888 fallet
898 3855 941 3888 me
960 3854 1028 3903 rnga
1047 3853 1176 3889 severae:

339 3939 432 3974 omnes
450 3924 504 3973 iam
523 3928 635 3988 norunt,
656 3938 736 3988 quam
755 3924 793 3973 sit
812 3939 905 3974 amare
922 3923 1031 3974 bonum.

288 4009 414 4071 Lynceus
433 4009 492 4073 ipsc
511 4024 588 4059 meua
608 4023 683 4059 seros
701 4009 806 4058 insanit
824 4022 943 4059 amores:

337 4109 419 4142 cerum
438 4090 526 4156 (solam
543 4091 629 4158 vulg.)
648 4099 675 4144 te
695 4098 803 4144 nostros
822 4092 912 4144 laetor
930 4093 1005 4142 adire
1025 4092 1090 4143 deos

134 4178 239 4226 ceteris
256 4177 319 4228 vide
339 4192 374 4226 an
392 4177 437 4226 hic
460 4177 517 4227 iere
541 4178 649 4227 restitui
671 4178 760 4242 possit
778 4177 857 4228 ordo:
880 4179 980 4227 27-29
1006 4175 1138 4241 (lacuna).
1168 4180 1278 4228 51-54.

133 4265 244 4314 33-38
267 4261 400 4326 (lacuna).
439 4264 471 4310 41
492 4277 530 4326 sq.
560 4265 592 4313 39
611 4278 651 4326 sq.
674 4265 706 4313 43
726 4278 765 4326 sq.
794 4264 827 4312 45
846 4277 886 4325 sq.
911 4263 942 4312 31
962 4277 1002 4326 sq.
1026 4264 1144 4316 aru-50.
1168 4264 1200 4312 55
1220 4278 1279 4326 sqq.

133 4362 298 4413 quamquam
317 4349 357 4397 eie
377 4363 484 4412 qnoque
503 4352 609 4398 restant
627 4346 759 4412 scrupuli,
