2820 4770
534 272 743 345 anurA‘rIO.
1150 276 1198 322 XV

49 464 119 527 que
144 441 287 506 omnium
315 441 412 523 longe
440 439 584 504 maximo
613 462 710 526 quam
736 438 790 504 vel
812 440 875 506 sibi
897 438 950 504 vel
972 462 1051 505 vero
1073 444 1198 506 auctori

47 542 207 606 maluerit
229 541 386 605 tribuere.
429 563 490 604 nee
517 541 648 604 dubitat
676 539 772 605 Thilo
799 540 869 625 ipse
891 563 923 626 p.
946 541 989 604 50
1012 541 1107 627 ‘quin
1128 542 1198 605 Ma·

49 644 187 707 crobius
222 644 262 707 de
283 641 430 726 Vergilio
459 641 639 726 scripturus
669 641 739 704 eius
767 643 971 724 grammatici
998 665 1094 728 quem
1127 642 1198 730 ipse

48 744 191 807 summis
215 743 369 809 laudibus
393 741 601 828 prosequitur
624 740 725 806 libros
749 742 955 826 quaesiturus
978 744 1107 807 fuerit’.
1134 765 1197 830 quo
1265 771 1269 778 ·

46 854 164 910 autem
186 844 290 929 magis
313 841 479 909 consentio
502 864 576 906 cum
596 841 653 905 illo
675 841 880 908 Macrobium
902 865 986 929 quae
1009 843 1050 909 de
1072 855 1143 911 arte
1166 853 1199 909 et

48 945 204 1010 doctrina
225 945 366 1028 Vergilii
393 941 590 1030 explicanda
619 952 651 1006 et
674 942 880 1007 defendenda
901 946 1072 1030 proposuit
1092 968 1158 1010 non
1180 968 1198 1009 e

47 1046 164 1111 multis
201 1047 422 1132 antiquiorum
458 1045 674 1130 interpretum
710 1046 952 1109 commentariis
995 1047 1198 1129 congessisse

49 1148 101 1233 (p.
125 1148 167 1211 46
183 1156 215 1211 et
230 1146 303 1228 52),
327 1147 471 1211 seduno
494 1145 548 1210 vel
571 1145 685 1231 paucis
708 1145 897 1210 auctoribus
920 1145 990 1209 fere
1011 1156 1198 1212 contentum

47 1247 173 1330 fuisse,
202 1271 240 1312 eo
267 1247 473 1334 probabilius
501 1245 648 1327 videtur,
681 1268 735 1329 eo,
765 1248 856 1310 cuius
883 1247 955 1333 ipse
984 1248 1096 1313 laudes
1119 1271 1197 1335 prae

49 1351 170 1413 ceteris
193 1349 339 1434 insignes
364 1371 436 1413 esse
458 1345 577 1427 voluit,
600 1347 754 1434 primario
777 1356 908 1411 auctore
930 1370 1026 1412 usum
1048 1371 1129 1414 esse.

137 1450 232 1530 Quae
261 1472 336 1514 cum
362 1451 410 1514 ita
438 1449 520 1530 sint,
550 1447 700 1513 Servium
726 1449 857 1534 quidem
880 1449 987 1535 ipsum
1009 1453 1197 1537 recuperari

49 1552 174 1615 nostris
205 1551 338 1616 auxiliis
362 1552 492 1616 omnino
515 1571 707 1635 numquam,
731 1572 846 1615 verum
868 1544 1048 1616 coniunctis
1071 1553 1197 1618 Macro·

48 1651 98 1717 bii
128 1653 293 1739 excerptis
322 1675 396 1717 cum
424 1651 573 1716 Danielis
608 1651 842 1716 additamentis
870 1651 972 1716 multo
1000 1664 1088 1717 certe
1116 1654 1196 1718 inte-

51 1754 193 1835 griorem
216 1763 249 1818 et
270 1754 405 1837 antiquo
429 1750 619 1816 similiorem
634 1774 732 1837 quam
754 1773 796 1816 ex
818 1751 949 1836 vulgari
971 1751 1198 1840 plerorumque

52 1854 200 1918 codicum
216 1855 374 1918 memoria
389 1853 614 1918 reconcinnari
635 1875 732 1938 posse
755 1855 853 1917 etiam
866 1875 954 1917 nunc
976 1855 1094 1920 sentio.
1122 1877 1199 1918 nam

56 1955 204 2038 ignarum
227 1956 331 2020 fuisse
348 1956 498 2021 Serviani
513 1955 738 2034 commentarii
753 1954 957 2019 Macrobium
980 1955 1062 2018 mihi
1084 1979 1197 2042 quam·

62 2057 110 2120 uis
125 2078 261 2144 operosa
277 2056 501 2143 disputatione
515 2056 568 2122 vir
583 2055 852 2141 diligentissimus
868 2079 933 2121 non
950 2055 1198 2123 demonstravit.

138 2176 269 2240 Dabam
291 2176 400 2241 Kiliae
422 2198 532 2240 mense
556 2174 703 2240 Octobri.

139 2518 271 2580 Holdero
292 2536 325 2599 p.
347 2512 417 2578 VII
443 2511 579 2577 laudato
602 2512 706 2577 debeo
729 2513 826 2576 etiam
847 2512 1002 2578 Vossiani
1023 2513 1197 2577 Leidensis

12 2610 20 2695 'c
72 2625 98 2663 n.
118 2599 169 2660 111
193 2599 372 2685 scripturas
388 2595 625 2662 versiculorum
649 2597 688 2661 de
711 2607 803 2661 estet
824 2619 884 2662 non
907 2596 1143 2683 monosyllabis
1165 2607 1199 2661 et
1277 2637 1279 2639 ·

15 2698 22 2739 ἱ
75 2691 104 2746 de
120 2689 178 2746 viro
199 2688 277 2748 bono
299 2683 543 2748 accuratissime
565 2689 726 2746 enotatas.
757 2703 840 2767 quae
862 2704 936 2746 cum
956 2703 1111 2767 expresso
1133 2684 1198 2746 iam

17 2754 25 2835 l
74 2768 128 2831 fere
146 2768 232 2852 typis
255 2776 348 2832 textu
369 2787 441 2829 meo
464 2788 539 2830 cum
562 2763 773 2831 adnotatione
795 2767 830 2829 in
851 2788 966 2829 manus
988 2788 1077 2830 meas
1100 2788 1197 2831 vene-

20 2860 26 2935 }
77 2852 129 2913 rint
145 2872 202 2915 nec
225 2852 267 2916 ad
288 2851 493 2916 restituenda
513 2859 630 2936 poetae
645 2851 749 2916 verba
763 2851 841 2914 novi
856 2849 1036 2935 quidquam
1051 2851 1199 2914 conferre

22 2958 28 2989 ·.
76 2937 147 2998 visae
167 2936 247 3017 sint,
270 2946 378 3001 tamen
399 2946 468 2999 tam
491 2935 616 3019 antiqui
641 2934 717 2999 libri
739 2935 941 3016 testimonia,
964 2935 1029 2997 nisi
1051 2957 1134 3020 quae
1156 2934 1198 2999 ab

10 3031 14 3097 ζ
77 3020 145 3082 omni
164 3029 257 3104 parte
278 3023 355 3084 trita
377 3018 430 3084 vel
453 3017 582 3082 inutilia
596 3027 722 3102 essent,
744 3042 786 3104 ap
812 3019 917 3083 aratui
938 3039 1010 3082 meo
1031 3018 1122 3082 nolui
1144 3019 1198 3082 de-

10 3107 15 3147 ῑ
78 3126 140 3168 esse.
159 3103 256 3188 plena
269 3128 347 3171 mox
358 3103 505 3168 Riesium
520 3105 554 3167 in
569 3102 758 3187 anthologia
772 3041 935 3168 editurum
951 3125 1023 3167 esse
1037 3105 1197 3250 suspicor.

141 3187 248 3253 Riesio
264 3189 305 3253 de
319 3189 406 3255 notis
430 3189 550 3252 criticis
573 3187 743 3252 oblocutus
766 3196 832 3269 est,
855 3188 914 3286 sed
935 3186 1044 3273 paullo
1067 3187 1091 3249 il
1104 3211 1139 3268 e,
1161 3197 1198 3251 ut

10 3234 22 3350 q
78 3270 155 3354 solet,
181 3273 367 3338 mordacius
394 3275 428 3336 in
456 3273 555 3337 lexici
588 3273 639 3336 sui
666 3272 932 3338 Vindobonens1s
966 3274 1132 3358 prooemio
1164 3294 1195 3356 p.

78 3355 211 3420 XXXIX
244 3363 436 3435 Augustus
469 3362 665 3421 Nauctius
698 3380 837 3443 quoque.
881 3359 937 3443 qui
959 3355 1070 3421 attulit
1091 3379 1197 3420 exem-

78 3439 159 3522 plum,
193 3464 257 3526 quo
285 3442 471 3506 ostenderet
499 3446 638 3589 ‘quanta
661 3456 793 3507 ¹veteres
820 3440 1070 3528 interpolatores
1099 3451 1197 3505 teme-

10 3413 32 3454 {l-

10 3511 38 3556 ³⁸²
77 3524 150 3589 ritate
180 3526 216 3588 in
243 3525 382 3610 Vergilii
408 3525 514 3590 Aenei
540 3548 557 3589 e
584 3528 728 3610 grassati
758 3516 882 3591 fuerint
908 3535 940 3590 et
972 3548 1069 3612 quam
1101 3525 1199 3589 facile

10 3615 41 3656 n·-
77 3610 153 3671 etiam
179 3610 411 3674 absurdissimi
444 3632 560 3674 versus
593 3620 725 3675 nostrae
758 3613 876 3675 aetatis
909 3610 1040 3674 criticos
1073 3611 1200 3696 possint

42 3762 46 3771 Ι
76 3691 212 3776 eludere',
242 3696 328 3759 sexti
355 3694 430 3758 libri
463 3694 578 3769 finem,
606 3695 665 3759 ubi
693 3695 848 3760 ‘abiectis
871 3695 1021 3761 versibus
1044 3705 1199 3780 quattuor

10 3828 38 3862 [05
75 3776 219 3843 att-896
242 3787 276 3843 et
297 3777 442 3843 admissa
456 3803 488 3844 v.
505 3779 567 3843 897
590 3778 728 3844 lectione
751 3784 797 3843 bis
811 3785 878 3843 ubi'
903 3778 1093 3862 [deteriore]
1117 3784 1197 3843 ‘eor-

23 3897 33 3939 ί.
72 3862 240 3946 rigendum'
264 3864 443 3927 arbitratur
465 3868 641 3962 ‘portaque
658 3863 786 3928 'emittit
807 3872 953 3928 uverau'.
997 3864 1104 3928 minus
1127 3861 1197 3926 feli·

10 3993 33 4027 n,
70 3948 134 4010 citer
153 3956 284 4032 poetam
305 3949 353 4012 ita
374 3969 442 4011 rem
470 3948 670 4028 institu1sse‚
699 3956 737 4012 ut
765 3969 807 4011 ex
839 3949 965 4014 eburna
992 3947 1198 4012 Somniorum

12 4036 30 4095 si
66 4039 146 4118 porta
172 4031 216 4094 ad
238 4054 374 4118 superos
396 4033 533 4096 Aenean
559 4033 682 4096 remitti
708 4031 863 4116 fingeret,
886 4031 964 4098 olim
990 4033 1140 4117 Heynius
1163 4031 1197 4093 in

14 4174 17 4179 .
64 4138 193 4180 excursu
221 4116 263 4181 ad
292 4117 378 4180 hunc
404 4116 523 4181 librum
550 4116 617 4180 XV
645 4117 786 4197 monuit,
815 4127 849 4182 et
874 4119 910 4180 in
932 4138 1078 4181 sermone
1099 4114 1196 4178 huius

61 4199 114 4265 loci
136 4199 267 4266 solitam
290 4202 360 4265 eius
384 4198 579 4284 elegantiam
602 4199 805 4265 desideravit
826 4200 1074 4285 Peerlkampus‚
1098 4221 1118 4262 a
1132 4221 1198 4285 qua

58 4307 128 4352 sane
151 4282 248 4369 longe
270 4285 365 4350 abest
385 4308 418 4350 v.
441 4285 517 4349 896:
540 4293 577 4349 ut
598 4285 816 4371 inperfectum
837 4286 923 4350 hunc
946 4285 1071 4350 exitum
1093 4293 1126 4349 et
1148 4305 1197 4348 se·
