2820 4770
213 256 256 320 60
659 269 919 320 roousoouunon‘

214 446 284 505 rivis
307 444 403 505 lontes
426 445 679 520 coniungerentur
702 450 731 503 et
753 443 858 522 copula
881 460 938 519 que
954 440 1052 502 addita
1075 440 1252 520 ‘aviumque
1268 441 1358 503 silen-

215 549 253 607 tia
276 549 364 609 tient’
389 546 602 607 concluderent
624 546 810 607 sententiam.

298 681 388 742 lllulto
421 689 518 742 autern
553 680 700 740 dillrcilior
728 681 783 741 bac
812 683 842 741 in
871 681 972 759 ecloga
1003 680 1160 741 verborum
1188 680 1355 742 emendatio

214 792 267 845 est.
313 802 388 863 quae
416 785 479 863 ipse
507 781 690 862 periclitatus
717 801 780 842 sum
805 784 907 860 paucis
929 780 978 843 bic
1001 782 1162 843 defendere
1185 784 1275 845 iuvat.
1313 801 1357 845 sa·

215 905 284 946 num
308 904 368 945 non
391 903 455 946 esse
478 885 553 964 qnod
572 903 596 943 v.
616 882 633 945 l
650 884 776 944 traditur
799 888 914 945 intereo
933 884 1041 945 docent
1056 903 1123 945 cum
1140 868 1365 952 antecedentia,¹

214 986 263 1047 nbi
286 987 428 1066 quidquid
452 989 511 1063 agit
533 986 622 1065 Lydia
646 988 724 1064 agris
747 988 920 1064 contingere
944 987 1060 1055 dicitur,
1083 997 1144 1047 turn
1167 989 1198 1046 in
1223 995 1356 1047 extremo

215 1106 300 1148 versu
322 1090 449 1166 positum
479 1091 510 1148 r'o
539 1105 658 1157 ocrem,
689 1089 736 1147 cui
764 1087 841 1167 quod
866 1089 1033 1166 oppositum
1056 1089 1094 1148 sit
1116 1089 1289 1148 necessario
1312 1105 1358 1146 re·

171 1202 182 1218 ·
214 1192 350 1269 quiritur.
398 1207 466 1249 nam
496 1187 625 1248 Naelrius
654 1188 732 1266 quod
760 1208 787 1267 p.
815 1184 876 1247 144
899 1196 928 1247 et
948 1185 1012 1249 250
1026 1207 1069 1268 sq.
1093 1190 1261 1267 suspicatur
1291 1196 1359 1248 ante

214 1291 293 1351 diras
308 1290 429 1370 Lydiam
452 1291 647 1368 compositam
672 1308 736 1349 esse
760 1289 795 1350 ab
818 1289 921 1350 eodem
938 1297 1033 1368 poeta,
1058 1292 1107 1369 qui
1123 1290 1252 1351 reditum
1270 1291 1357 1352 etiam

213 1395 242 1452 in
266 1411 353 1471 agros
381 1399 494 1471 speret,
525 1391 607 1451 nihili
631 1390 737 1451 habeo.
783 1391 848 1451 talis
877 1392 954 1452 enim
978 1394 1042 1471 spei
1064 1400 1183 1471 praeter
1207 1391 1286 1451 hanc
1311 1409 1357 1451 vo·

213 1494 309 1555 culam
344 1513 381 1554 ne
410 1493 558 1554 levissima
591 1493 708 1571 quidem
744 1494 918 1570 significatio
953 1495 982 1553 in
1010 1501 1072 1554 toto
1107 1495 1240 1555 carmine
1271 1494 1352 1563 inest,

213 1595 352 1675 quodque
375 1595 454 1656 beati
477 1595 643 1674 praesentia
667 1593 783 1672 puellae
807 1593 903 1653 eidem
927 1596 990 1671 agri
1012 1594 1160 1663 dicuntur,
1185 1594 1294 1671 quibus
1317 1593 1353 1653 di·

213 1715 265 1758 rae
288 1697 441 1758 interitum
463 1697 666 1774 inprecantur,
691 1696 817 1772 primum
841 1713 877 1755 ne
901 1702 1015 1757 certum
1040 1694 1159 1772 quidem
1176 1705 1222 1755 est
1238 1694 1352 1756 eosdem
1390 1739 1397 1745 -

215 1817 290 1868 esse,
315 1798 391 1876 quod
416 1799 502 1858 etiam
526 1798 551 1857 si
573 1796 753 1856 concedatur
778 1796 816 1875 (et
839 1796 988 1857 credimus
1010 1797 1093 1875 ipsi),
1118 1796 1220 1875 quidni
1245 1799 1354 1856 recenti

215 1902 313 1962 amissi
335 1899 448 1978 praedii
471 1897 573 1958 dolore
598 1904 693 1957 motus
717 1903 803 1973 poeta
827 1897 1064 1958 execrationibus
1089 1897 1262 1967 indulserit,
1293 1904 1353 1976 post

215 2000 350 2062 molliore
379 2007 482 2079 captus
510 1996 657 2058 desiderio
680 1999 789 2057 amoris
812 1998 915 2076 gaudia
937 1997 993 2058 sibi
1017 2005 1118 2077 erepta
1141 1997 1353 2077 deploraverit?

215 2121 284 2178 ergo
313 2106 431 2163 interea
460 2119 525 2162 cum
554 2108 631 2176 apto·
646 2108 745 2159 careat
767 2117 871 2168 sensu,
902 2100 975 2159 nihil
999 2109 1026 2159 et
1049 2099 1213 2179 simplicius
1236 2107 1266 2160 et
1288 2117 1354 2160 con·

215 2204 281 2266 silio
315 2204 372 2264 loci
401 2204 493 2280 magis
522 2203 701 2261 conveniens
729 2204 863 2279 reperire
893 2204 975 2281 potui
998 2220 1084 2280 quam
1108 2206 1187 2262 inter
1210 2219 1277 2269 vos,
1312 2203 1357 2261 cui

214 2305 269 2365 alia
298 2322 372 2381 quae
401 2306 430 2363 in
459 2310 588 2363 mentem
612 2302 769 2362 veniebant
793 2302 827 2381 (e.
852 2320 879 2380 g.
904 2307 936 2363 in
958 2306 1035 2365 silvo
1057 2303 1103 2363 vel
1126 2301 1252 2380 intenta)
1277 2311 1356 2381 post-

216 2405 326 2467 habere
349 2423 408 2465 non
432 2403 572 2465 dubitavi.
1022 2415 1024 2419 ·

297 2540 330 2600 ln
361 2558 445 2600 versu
475 2535 513 2598 13
536 2540 636 2617 sperni
660 2557 674 2598 a
698 2539 836 2599 Putschio
866 2548 895 2599 et
916 2538 1028 2600 Naelrio
1057 2558 1116 2599 non
1144 2539 1272 2600 debebat
1293 2538 1357 2620 pul·

216 2643 363 2703 cherrima
386 2639 545 2719 Eicbstadii
570 2642 739 2700 coniectura
761 2658 895 2701 venerem
917 2644 1086 2719 spirantia,
1117 2660 1152 2701 ex
1175 2649 1261 2720 parte
1283 2643 1357 2720 opti·

216 2763 330 2805 morum
365 2741 507 2803 librorum
541 2742 714 2802 auctoritate
749 2742 798 2818 qui
826 2759 963 2803 uenerem
996 2741 1141 2820 praebent
1175 2742 1357 2807 confirmata,

215 2864 341 2924 cumque
369 2843 434 2903 aliis
463 2842 640 2920 corruptelis
671 2841 808 2920 (manime
831 2862 856 2901 v.
879 2838 994 2910 ,23101
1024 2846 1142 2919 decepit
1162 2861 1217 2923 pro
1241 2845 1360 2904 decedit

213 2949 244 3006 in
267 2947 329 3005 Bll
351 2943 437 3021 extat)
468 2943 654 3003 manilestum
683 2944 747 3011 fiat,
777 2943 863 3003 lruins
893 2961 1008 3019 quoquo
1032 2945 1171 3004 carminis
1193 2952 1305 3005 textum
1329 2944 1358 3003 in

216 3047 350 3108 codicum
380 3052 551 3105 nostrorum
582 3044 741 3123 archetypo
769 3043 934 3105 uncialibus
963 3045 1068 3105 litteris
1092 3047 1234 3124 scripturn
1259 3045 1357 3111 luisse.
1395 3047 1400 3052 “

216 3167 303 3210 nemo
333 3149 383 3224 qul
406 3147 493 3206 buius
521 3147 687 3223 scripturae
710 3147 822 3206 lormas
845 3147 922 3206 inter
944 3165 976 3206 se
999 3148 1214 3225 comparaverit
1237 3144 1358 3206 mirabi-

216 3260 263 3312 tur
287 3247 435 3326 quomodo
459 3265 492 3305 ex
518 3245 713 3306 SPlRANTlA
737 3246 880 3307 vocabulo
909 3249 982 3306 oriri
1009 3248 1138 3325 potuerit
1160 3245 1359 3307 STlPAN‘l'lA

217 3351 259 3431 (ut
280 3357 360 3410 extat
381 3351 411 3409 in
435 3348 487 3426 Z),
511 3335 589 3406 unde
612 3349 784 3407 coniectura
807 3348 916 3408 lactum
939 3351 1100 3423 stipendio.
1147 3346 1237 3406 liores
1259 3353 1357 3406 autem

215 3452 385 3514 describere
408 3458 437 3510 et
459 3467 605 3509 exornare
628 3448 685 3508 boc
708 3446 773 3508 loco
796 3468 811 3508 a
835 3457 933 3508 mente
956 3455 1060 3526 poetae
1084 3466 1207 3525 prorsus
1229 3445 1358 3507 alienum

216 3561 294 3622 erat,
323 3555 372 3632 qui
395 3558 472 3611 totus
494 3559 628 3610 versetur
651 3552 680 3609 in
703 3550 819 3628 puellae
843 3568 912 3610 suae
936 3550 1029 3609 lorma
1054 3557 1082 3609 et
1104 3550 1197 3627 gratia
1221 3548 1357 3610 laudibus

217 3654 376 3717 ellerenda.

301 3791 425 3851 Duriora
448 3806 534 3868 quam
559 3795 590 3848 ut
614 3787 669 3846 lroc
692 3794 778 3865 poeta
802 3787 890 3864 digna
907 3787 999 3847 videri
1020 3787 1136 3864 possint
1151 3805 1183 3846 ea
1199 3794 1269 3846 sunt
1284 3803 1362 3863 quae

214 3896 243 3955 in
268 3911 293 3952 v.
317 3888 360 3952 40
382 3888 450 3949 libri
478 3887 624 3967 praebent
657 3892 748 3965 inque
776 3892 867 3949 ricem
890 3890 1008 3948 Phoebe
1036 3905 1163 3949 currens
1193 3895 1284 3963 atque
1306 3905 1363 3950 aar·

214 4013 283 4055 reus
313 3994 408 4067 orbis,
436 3990 560 4058 lrustra,
591 3991 616 4049 si
639 3989 708 4066 quid
737 3990 846 4057 sentio,
877 3987 1025 4049 aNaelrio
1055 3988 1185 4073 detensa.
1232 4005 1301 4048 nam
1330 3996 1362 4048 et

214 4094 399 4156 desideratur
427 4092 510 4150 cuius
537 4092 568 4150 in
597 4091 689 4150 vicem
718 4099 819 4152 currat
846 4089 979 4160 Plroebe,
1009 4106 1106 4167 neque
1135 4107 1257 4150 currere
1285 4088 1362 4149 baec

215 4198 285 4258 satis
313 4194 392 4255 bene
418 4192 525 4253 dicitur
554 4211 629 4271 quae
657 4192 771 4269 placide
794 4210 922 4270 surgens
945 4191 1081 4270 procedit
1103 4191 1200 4262 caelo,
1225 4209 1281 4251 nec
1303 4209 1356 4270 pro

214 4294 456 4360 duobusbaberi
478 4292 615 4354 ‘Phoebe
640 4340 670 4353 ..
696 4300 783 4372 atque
806 4313 914 4354 aureus
930 4292 1027 4354 orbis’
1052 4292 1176 4353 decebat
1192 4311 1248 4354 nec
1261 4292 1355 4354 Phoe-
