2820 4770
654 301 905 344 Puouucouuuou

675 619 808 695 Curua
835 619 884 693 ΙΙ.

514 809 575 892 ¹De
610 808 720 894 libris
756 806 1039 918 manuscriptis.

717 997 842 1004 ..-...-—-

296 1128 376 1189 Haec
399 1129 502 1204 igitur,
527 1130 563 1189 ile
588 1129 696 1208 quibus
719 1132 849 1190 Donatus
873 1137 901 1190 et
924 1130 1042 1190 Servius
1062 1136 1152 1190 testes
1174 1136 1253 1197 sunt,
1280 1126 1359 1188 anti-

212 1249 269 1308 qua
292 1237 388 1290 aetate
416 1232 498 1306 quasi
526 1231 672 1310 appendix
695 1230 860 1308 Vergiliana
884 1250 942 1291 uno
966 1224 1113 1291 volumine
1137 1229 1360 1308 comprehensa

213 1332 341 1391 luerunt.
386 1331 436 1391 secl
460 1339 669 1393 succrescente
691 1331 830 1411 paulatim
853 1331 934 1409 larga
950 1331 1051 1392 vilium
1068 1333 1232 1391 carminum
1248 1346 1359 1395 messe,

212 1451 337 1511 quorum
368 1440 502 1494 auctores
532 1433 651 1494 obscuri
680 1441 794 1501 esseut,
836 1434 980 1511 primum,
1024 1434 1054 1491 ni
1092 1431 1193 1499 iallor,
1229 1430 1359 1506 integris

214 1540 243 1592 et
265 1535 401 1611 genuinis
425 1543 528 1612 poetae
551 1528 706 1614 operibus,
737 1534 878 1595 bucolicis
899 1535 1045 1611 georgicis
1068 1532 1204 1601 Aeneidi,
1233 1540 1359 1611 praeter

214 1641 326 1713 septem
356 1635 402 1695 vel
431 1643 497 1695 octo
526 1635 641 1696 libellos
669 1653 743 1712 quos
771 1654 859 1714 supra
888 1634 1132 1714 perlustravimus
1159 1633 1256 1712 addita
1286 1640 1359 1692 sunt

214 1754 288 1813 quae
316 1733 410 1814 aliqua
439 1739 552 1797 ratione
574 1737 608 1796 ad
633 1755 681 1796 res
703 1736 748 1796 vel
769 1739 873 1816 poesin
896 1737 1015 1814 Vergilii
1039 1737 1237 1814 pertinerent,
1267 1750 1357 1810 argu·

214 1843 313 1896 menta
336 1837 402 1898 ilico
424 1838 605 1916 singulorum
629 1837 774 1898 librorum
794 1839 927 1904 metrica,
951 1839 1162 1916 epigrammata
1177 1837 1213 1896 acl
1236 1835 1356 1896 laudem

215 1937 291 1998 illius
313 1958 328 1998 a
351 1941 440 2000 variis
462 1939 632 2000 auctoribus
655 1941 831 2016 composita,
855 1938 1018 2018 epitaphia,
1043 1946 1199 2007 centones,
1222 1939 1254 1997 in
1276 1937 1353 1998 blae-

215 2041 326 2100 cenatis
353 2048 479 2100 mortem
508 2040 593 2118 elegi.
638 2040 746 2100 deinde
771 2038 932 2116 singularis
954 2039 1109 2117 probitatis
1132 2047 1161 2099 et
1183 2038 1356 2100 reconditae

215 2140 367 2201 doctrinae
396 2160 451 2220 qua
476 2140 650 2201 excelluerit
677 2142 753 2201 lama
777 2159 830 2218 per
853 2140 948 2202 ultimi
970 2143 1032 2201 aevi
1055 2140 1170 2202 saecula
1193 2142 1303 2200 mirum
1326 2142 1356 2199 in

216 2242 334 2302 morium
358 2242 479 2303 adaucta
501 2241 745 2303 scholasticorum
770 2242 905 2302 versiculi
928 2241 1046 2320 plurimi
1068 2244 1153 2321 quasi
1175 2243 1206 2302 in
1221 2261 1356 2303 commu·

216 2361 282 2402 nem
306 2345 468 2422 sapientiae
491 2351 520 2403 et
542 2344 615 2403 artis
642 2341 813 2403 thesaurum
836 2345 866 2403 in
890 2343 1126 2421 Vergilianorum
1149 2362 1274 2422 operum
1299 2343 1356 2421 syl·

214 2443 300 2521 legen
334 2447 447 2522 recepti
474 2450 553 2530 sunt.
598 2446 681 2504 cuius
708 2443 914 2522 plenissimum
944 2453 1085 2521 quantum
1114 2446 1176 2531 scio
1204 2444 1357 2525 exemplar
1393 2480 1400 2489 ·

216 2555 260 2605 est
282 2545 375 2605 codex
397 2548 655 2606 Helmstndiensr's.

300 2646 357 2707 Serl
380 2648 410 2706 in
433 2646 502 2706 bina
524 2646 670 2706 volumina
694 2649 824 2707 anticum
847 2647 917 2707 illud
942 2665 1063 2727 corpus,
1094 2648 1238 2709 Prisciani
1260 2655 1400 2720 aelaiz

214 2749 379 2815 recentius,
403 2747 520 2809 videtur
542 2747 666 2808 divisum
689 2748 794 2815 luisse,
819 2766 878 2824 quo
900 2749 1009 2809 lactum
1033 2756 1094 2819 est,
1118 2756 1149 2808 ut
1163 2766 1246 2829 ²quae
1270 2747 1400 2821 nobi&

214 2849 319 2910 tradita
342 2855 411 2909 sunt
433 2847 611 2927 exemplaria
635 2850 663 2907 in
686 2848 759 2909 duas
782 2851 865 2925 quasi
888 2848 1013 2909 lamilias
1036 2849 1204 2917 discedant,
1230 2867 1400 2927 quarur-

214 2951 299 3010 alteri
321 2951 417 3010 Aetne
439 2954 512 3010 ciris
533 2954 683 3010 catalecto
705 2958 825 3028 praeter
847 2949 902 3009 alia
926 2950 1070 3026 quaedam
1093 2952 1231 3030 propria,
1264 2950 1338 3011 alter
1382 2991 1400 3026 ,-

214 3055 306 3112 culex
328 3055 416 3111 dirue
437 3068 516 3126 cepa
544 3058 776 3111 monetaneum
800 3050 895 3110 tribus
917 3050 981 3110 aliis
1006 3051 1202 3121 carminibus,
1232 3050 1296 3111 scil.
1320 3054 1400 3128 ff,

215 3157 280 3214 viro
302 3155 378 3213 bono
399 3160 427 3212 et
447 3153 607 3228 pruriente,
633 3154 735 3212 deest
757 3159 786 3211 et
808 3169 868 3212 nen
890 3154 1112 3229 monosyllabis,
1138 3155 1181 3211 rte*
1196 3155 1274 3212 rosis
1289 3170 1390 3218 nas.

215 3257 348 3315 centibus
369 3261 398 3314 et
419 3256 636 3315 senescentibus
658 3258 771 3312 servata
794 3260 870 3312 sunt.
916 3251 989 3313 baec
1011 3262 1108 3313 autem
1132 3259 1246 3330 septem
1268 3254 1299 3312 in
1315 3261 1378 3323 eis

217 3355 377 3423 codicibus,
402 3354 453 3416 ubi
476 3355 538 3415 sola
563 3360 671 3422 extant,
696 3355 846 3414 communi
869 3351 954 3412 titulo
970 3355 1111 3431 inscripta
1128 3352 1270 3430 leguntur
1286 3352 1366 3421 boc,-

440 3471 594 3533 VIRGlLlI
615 3471 810 3532 IVVENbLlS
833 3471 918 3531 LVDI
941 3471 1120 3532 LlBELLVS

215 3591 261 3652 vel
288 3590 386 3651 simili.
432 3591 515 3651 cuius
543 3591 661 3667 generis
689 3588 807 3649 codices
835 3590 901 3648 novi
931 3589 985 3649 bos
1014 3591 1206 3667 praesertim:
1239 3591 1345 3656 Bemb'.
1397 3598 1400 3667 j

216 3711 296 3767 niem,
324 3693 507 3766 Tbunneurn,
533 3693 738 3763 Petnolnnum,
762 3693 923 3750 Vossianus
944 3693 1015 3750 Vct
1034 3694 1055 3752 l.
1073 3690 1195 3752 alterius
1219 3691 1345 3767 familiae,

216 3797 299 3856 errius
326 3794 418 3854 belna
448 3795 516 3855 ciris
546 3790 686 3854 catalecta
713 3810 780 3852 cum
804 3791 868 3851 aliis
891 3793 1111 3870 epigrammatis
1133 3795 1254 3872 propria
1278 3806 1344 3869 suut,

218 3896 399 3957 uberrimum
416 3893 566 3972 exemplar
585 3901 629 3953 est
644 3895 886 3968 Bendipernnns.
930 3895 962 3953 in
979 3891 1043 3954 aliis
1059 3893 1257 3955 miscellaneis
1273 3895 1347 3961 libris

214 4017 252 4057 ex
280 4005 406 4076 utroque
429 3995 577 4056 volumine
607 3996 741 4070 corporis
769 3993 882 4055 delecta
912 3994 998 4069 nrorlo
1028 3993 1101 4056 baec
1128 3995 1215 4056 modo
1238 3994 1297 4066 illa,
1318 4020 1347 4062 er

216 4099 323 4179 quibus
350 4097 499 4178 pleniores
528 4099 691 4157 Vossianus
719 4097 746 4156 Z
767 4103 796 4155 et
817 4097 1004 4157 Hariee‘nnus
1026 4115 1061 4155 ex
1084 4096 1186 4175 priore
1210 4096 1350 4162 volumine

216 4200 357 4281 pleraque
379 4199 553 4277 deprompta
577 4197 701 4265 babent,
729 4216 763 4256 ex
787 4195 879 4257 altero
902 4197 1045 4273 quaedam
1070 4201 1296 4274 Bruxeliensis,
1320 4222 1350 4264 cx

216 4310 343 4383 utroque
359 4299 471 4380 singula
490 4302 755 4376 Cantabripe’ensr's.
793 4298 850 4358 iam
867 4297 975 4376 singuli
990 4297 1058 4359 libri
1075 4299 1264 4361 describendi
1279 4314 1350 4366 suot.
