2820 4770
609 1258 792 1357 Siglorum
818 1262 959 1335 tabula.

283 1569 316 1616 Β
333 1586 367 1609 Ξ
384 1565 541 1617 Bembinus.

284 1675 318 1718 ΙΙ
329 1688 363 1711 Ξ
381 1667 620 1719 Helmstadiensis.
849 1737 852 1744 Ι

283 1777 310 1821 12
331 1793 365 1813 Ξ
383 1771 497 1821 Ausonii
526 1771 673 1820 Leidensis
700 1771 852 1820 Vossianus
875 1786 900 1823 n.
927 1773 972 1819 111
998 1784 1073 1820 saec.
1091 1770 1145 1834 IX,
1173 1768 1304 1819 conlatus
1328 1769 1365 1819 ab

419 1871 531 1921 alfredo
548 1871 654 1920 Holder
678 1873 716 1934 (in
740 1871 908 1921 carminibus
932 1872 982 1921 ‘de
1006 1876 1095 1922 estet
1118 1887 1170 1921 nun
1190 1871 1235 1925 m.'
1261 1877 1289 1920 et
1314 1872 1364 1919 ‘de

417 1977 476 2025 viro
494 1971 603 2037 bono’).

284 2083 307 2129 Β
329 2098 363 2120 Ξ
382 2075 630 2142 Sangermanensis
654 2090 679 2125 n.
701 2076 765 2125 1188
791 2091 865 2128 saec.
883 2075 936 2138 IX,
961 2075 994 2124 de
1018 2091 1070 2140 quo
1094 2076 1130 2125 cf.
1150 2075 1304 2125 Froahueri
1329 2075 1363 2123 ad

418 2179 553 2230 Avianum
573 2178 660 2244 praef.
679 2193 705 2242 p.
723 2178 781 2227 1111
799 2193 839 2242 sq.
861 2178 958 2241 (astat
981 2177 1009 2226 in
1029 2193 1061 2226 oo
1081 2193 1190 2226 carmen
1209 2176 1243 2226 do
1263 2180 1362 2226 estet.

420 2298 475 2332 non
492 2279 691 2342 monosyllabis
709 2279 875 2343 descriptum
896 2279 930 2328 ab
949 2278 1019 2342 illo).

288 2389 315 2432 V
328 2403 362 2426 =
379 2383 532 2432 Vossianus
549 2397 576 2434 n.
593 2383 636 2434 81.

283 2489 313 2534 Χ
331 2505 364 2526 Ξ
383 2483 558 2533 Colbertinus
581 2482 595 2531 1
620 2487 692 2532 tesia
715 2482 828 2546 Meyero
855 2483 882 2532 iu
905 2482 1074 2532 carminibus
1103 2487 1163 2531 ‘est
1185 2487 1214 2532 et
1237 2481 1304 2532 nou’
1333 2500 1346 2531 e

334 2595 335 2598 ’
419 2585 469 2636 ‘de
488 2584 546 2634 viro
565 2585 636 2634 bono
644 2588 661 2637 ’.

287 2693 313 2739 Υ
329 2709 363 2732 Ξ
381 2688 539 2737 Thuaneus.

284 2795 314 2840 z
325 2811 360 2833 Ξ
378 2791 531 2840 Vossianus
549 2804 575 2842 n.
593 2791 643 2839 849
662 2789 701 2852 (in
719 2790 843 2853 Roseto).

284 2896 297 2942 l
329 2911 362 2935 Ξ
379 2891 534 2942 Vossianus
552 2892 594 2940 96.

284 3008 297 3043 ε
329 3013 363 3036 Ξ
381 2993 560 3043 Basileensis

283 3111 305 3146 α
332 3115 366 3137 Ξ
383 3093 486 3143 Aldina
507 3094 542 3143 11.

284 3213 312 3248 ω
330 3217 363 3239 Ξ
381 3212 483 3246 omnes.

282 3308 310 3361 ψ
330 3317 365 3340 Ξ
384 3313 479 3347 omnes
498 3301 608 3362 praeter
626 3313 673 3348 eos
691 3297 725 3346 da
746 3299 844 3362 quibus
863 3297 964 3346 diserte
983 3301 1103 3360 testatus
1122 3311 1190 3349 sum.
