2820 4770
132 271 183 319 XII
588 267 799 314 PRAEFATIO.

130 452 248 530 poetae
269 440 372 506 verba
392 436 610 523 intellegenda
631 448 742 524 aptum
764 460 837 504 esse
858 439 1043 505 iudicabat'
1066 461 1140 504 mea
1160 440 1273 504 facere

130 542 239 609 nullus
268 543 431 623 dubitem,
460 543 516 628 qui
543 543 674 606 minime
700 542 845 625 gentium
871 540 1067 627 interpolata
1099 566 1182 629 quae
1215 545 1273 613 ille

132 645 211 710 dicit
232 642 371 725 scholia,
394 652 432 707 ut
453 666 539 708 nuno
562 653 649 725 sunt,
672 665 692 707 a
713 643 881 709 Macrobio
904 645 999 730 quasi
1020 644 1177 711 devorata
1198 671 1273 715 esse

130 745 366 813 contenderim.
403 745 610 811 disconvenit
630 746 716 809 inter
737 768 796 810 nos
820 768 875 826 eo,
897 754 933 810 ut
955 767 1157 810 communem
1178 750 1273 813 illum

130 847 292 913 Macrobii
314 855 347 912 et
368 846 565 913 scholiorum
579 855 763 911 nostrorum
777 848 903 912 fontem
918 846 1041 928 Servii,
1064 848 1169 934 qualis
1192 851 1272 915 olim

130 950 211 1033 fuit,
235 949 331 1031 mihi,
360 949 416 1014 isti
444 957 556 1014 contra
583 947 665 1013 alius
692 949 803 1013 nescio
830 951 921 1014 cuius
944 951 1131 1034 interpretis
1153 951 1273 1037 Vergi-

131 1052 225 1134 liani,
259 1053 316 1138 qui
345 1053 478 1116 incunte
510 1051 579 1115 fero
617 1050 745 1115 saeculo
778 1058 892 1136 quarto
927 1051 1094 1137 scripserit
1126 1053 1172 1138 (p.
1200 1053 1272 1139 53),

132 1155 400 1218 commentarium
422 1153 525 1218 fuisse
546 1152 749 1239 probabilius
771 1152 933 1217 videatur.

214 1255 365 1320 Vertitur
398 1276 475 1339 ergo
508 1277 635 1319 summa
663 1277 715 1319 res
741 1257 776 1319 in
805 1255 868 1319 hae
894 1254 1095 1340 quaestione:
1130 1259 1275 1321 certisne

21 1396 24 1401 ·
131 1359 331 1441 argumentis
355 1357 613 1422 demonstratum
637 1358 679 1420 sit
702 1358 950 1421 contractiorem
973 1354 1078 1442 qualis
1101 1357 1274 1443 inpleris-

131 1481 194 1544 que
215 1456 308 1524 libris
331 1456 451 1542 legitur
472 1458 580 1524 Servii
608 1467 735 1523 textum
757 1480 816 1523 nec
839 1458 1016 1545 quidquam
1038 1468 1208 1547 praeterea
1230 1462 1274 1524 ab

130 1559 191 1625 hoc
223 1560 406 1647 profectum
439 1582 520 1625 esse.
558 1561 610 1625 cui
642 1559 828 1645 quaestioni
856 1570 893 1625 ut
920 1561 1000 1624 satis
1027 1560 1144 1626 fecerit
1173 1560 1275 1626 Thilo

130 1671 258 1726 tantum
280 1660 387 1742 abest,
413 1663 486 1748 ipse
512 1670 550 1726 ut
576 1684 607 1747 p.
630 1661 671 1726 51
694 1661 851 1742 fateatur,
880 1684 916 1726 se
937 1663 1025 1748 quod
1048 1661 1274 1728 demonstran·

132 1750 209 1830 dum
236 1763 355 1827 fuisset
381 1785 447 1827 non
474 1761 767 1844 demonstravisse,
796 1763 854 1827 sed
882 1786 995 1830 verum
1018 1787 1089 1829 esse
1111 1767 1273 1851 posuisse.

132 1866 219 1953 quod
245 1865 292 1928 ita
319 1885 397 1928 sane
426 1886 461 1928 se
487 1863 596 1929 habet.
641 1886 717 1928 nam
745 1865 833 1951 quod
859 1864 964 1930 voluit
991 1889 1050 1953 pro
1079 1878 1273 1951 argumento

132 1991 217 2048 esse,
241 1964 328 2051 quod
350 1974 506 2051 quattuor
527 1972 655 2031 tantum
682 1965 763 2031 locis
786 1964 909 2030 similes
933 1989 1006 2031 esse
1029 1968 1176 2034 docuerit
1199 1969 1274 2034 Ser-

130 2071 177 2136 vii
199 2070 301 2155 ipsius
324 2075 356 2131 et
377 2066 537 2133 Macrobii
560 2067 799 2154 expositiones,
828 2070 952 2142 octiens
975 2069 1108 2135 diversa
1128 2072 1216 2135 inter
1237 2094 1273 2136 se

32 2220 39 2246 .
132 2171 240 2235 dicere
263 2169 412 2234 Servium
441 2178 474 2234 et
494 2168 713 2251 Macrobium,
742 2170 885 2256 septiens
912 2193 1018 2257 neque
1045 2171 1197 2238 Servium
1218 2196 1274 2237 ne·

131 2294 194 2358 que
222 2271 519 2357 ‘interpolatorem'
548 2271 669 2337 habere
695 2272 782 2357 quod
810 2273 896 2358 apud
918 2273 1123 2339 Macrobium
1144 2275 1273 2359 legatur

132 2373 202 2460 (qui
223 2373 351 2437 numeri
374 2395 471 2458 quam
486 2371 659 2456 diligenter
673 2375 852 2460 computati
875 2377 941 2441 sint
955 2398 1110 2462 quaerere
1134 2373 1271 2461 distuli),

131 2475 231 2538 miror
253 2473 404 2558 equidem
427 2475 757 2559 argumentationem,
781 2499 845 2562 qua
866 2486 904 2542 ut
926 2479 1183 2559 demonstretur,
1207 2501 1271 2544 non

131 2576 308 2663 pleniorem
330 2575 407 2639 olim
422 2575 530 2640 Servii
548 2578 821 2642 commentarium
843 2578 958 2660 fuisse,
981 2579 1136 2644 docemur
1156 2580 1270 2662 multa,

131 2699 214 2764 quae
235 2675 324 2762 apud
339 2675 544 2743 Macrobium
566 2677 734 2762 leguntur,
757 2678 853 2744 hodie
876 2682 909 2744 in
931 2681 1090 2748 mutilatis
1113 2704 1198 2768 quae
1220 2706 1270 2747 su-

132 2786 266 2864 persunt
294 2776 423 2842 scholiis
445 2800 511 2841 non
532 2780 683 2865 reperiri,
711 2782 805 2866 quasi
827 2783 908 2846 haec
929 2783 970 2848 ab
994 2783 1050 2848 illo
1074 2786 1271 2871 transcripta

132 2903 204 2945 esse
227 2878 395 2943 dixissem.
430 2880 529 2946 immo
551 2903 592 2944 ne
615 2880 662 2944 eis
686 2882 817 2967 quidem
840 2905 923 2969 quae
945 2886 978 2948 in
1000 2885 1151 2968 genuino,
1175 2909 1269 2972 quem

86 3053 90 3060 ,
130 2984 194 3047 iste
217 2981 312 3062 dicit,
336 2980 450 3046 Servio
473 3003 560 3046 nunc
581 2980 750 3065 leguntur,
778 3004 850 3047 eam
871 2985 970 3050 fidem
991 2987 1177 3052 habendam
1200 3011 1270 3053 esse

131 3094 228 3170 puto,
255 3093 294 3148 ut
319 3082 398 3168 quid
421 3083 461 3148 de
484 3105 669 3169 quoquere
697 3084 751 3151 vel
773 3084 843 3150 loeo
865 3087 936 3173 ipse
957 3090 1191 3172 grammaticus
1216 3091 1271 3156 do-

131 3187 235 3253 cuerit
256 3183 310 3251 vel
332 3186 486 3268 senserit,
511 3183 639 3249 scholiis
662 3208 748 3250 nunc
769 3188 908 3254 servatis
925 3189 1006 3254 satis
1029 3201 1183 3257 constare
1203 3217 1272 3258 ere-

132 3291 216 3355 dam.
246 3310 331 3373 quae
353 3288 382 3353 si
403 3297 558 3373 excerpta
573 3296 605 3351 et
628 3296 797 3353 contracta
818 3312 861 3353 ex
881 3290 984 3357 multo
1007 3294 1163 3380 ampliore
1186 3294 1271 3362 libro

132 3400 218 3473 sunt,
241 3391 313 3477 quis
335 3398 433 3473 neget
456 3390 624 3475 stupidum
646 3399 679 3454 et
700 3400 929 3475 properantem
951 3393 1121 3459 librarium
1143 3396 1196 3461 vel
1219 3397 1271 3461 lit·

132 3501 308 3557 teratorem
340 3490 465 3577 passim
500 3513 561 3577 pro
597 3489 765 3557 Servianis
802 3514 976 3579 excerpere
1008 3499 1154 3582 potuisse
1187 3521 1271 3584 quae

132 3593 217 3658 falsa
244 3615 314 3656 esse
341 3592 573 3676 grammaticus
601 3592 679 3658 olim
703 3593 1016 3662 demonstravisset?
1054 3596 1160 3663 solent
1186 3601 1271 3664 enim

132 3716 215 3779 quae
236 3694 432 3759 refutandae
454 3703 530 3758 sunt
552 3682 840 3781 pravaealiorum
862 3699 1029 3783 opiniones
1052 3701 1219 3784 praemitti
1241 3702 1272 3764 in

132 3794 269 3877 singulis
298 3795 418 3877 titulis,
448 3798 541 3883 sequi
567 3796 711 3862 meliora.
756 3798 856 3883 quid?
893 3800 980 3885 quod
1008 3811 1040 3866 et
1066 3803 1272 3868 Macrobium

131 3897 238 3980 ipsum
270 3896 433 3980 quaedam
464 3901 499 3962 in
537 3900 669 3966 brevius
703 3901 907 3964 contraxisse
942 3911 1131 3988 comparata
1166 3905 1271 3990 ipsius

133 3995 239 4061 Servii
267 3996 392 4062 scholia
419 3998 537 4066 docent
557 4003 653 4084 (Aen.
677 4001 709 4065 V
731 4001 807 4066 609:
832 4001 874 4066 cf.
898 4024 930 4086 p.
955 4002 1008 4088 10)
1038 4013 1070 4068 et
1096 4005 1272 4091 interpola-

131 4099 248 4163 mentis
276 4109 431 4185 corrupta
456 4100 605 4171 Danielis
629 4125 757 4189 quoque
785 4102 1008 4170 additamenta
1030 4128 1103 4172 esse
1126 4108 1272 4194 suspica·

132 4211 186 4264 tur
208 4200 305 4266 Thilo
333 4226 366 4289 p.
390 4202 457 4268 25:
486 4226 527 4267 ne
554 4203 659 4268 dicam
686 4205 785 4268 etiam
813 4206 847 4269 in
868 4207 1053 4272 breviorem
1076 4220 1272 4276 commenta-

133 4303 217 4366 rium
238 4326 296 4389 pcr
317 4305 564 4391 interpolatores
586 4306 744 4392 quaedam
766 4307 862 4394 posse
884 4308 989 4371 inlata
1010 4331 1089 4373 esse.
