2820 4770
102 269 108 273 ”
135 264 177 332 30
247 270 251 276 “
579 262 830 332 666666666666
933 327 936 333 ,

136 466 227 527 66661,
261 457 356 517 Vossii
385 473 500 535 quoqne
530 458 729 516 testimonium
754 456 891 535 adposui,
927 473 985 515 non
1009 454 1087 535 quod
1111 454 1277 515 diliiderom

135 557 318 626 Froelrnero,
336 556 387 616 sed
405 559 469 634 quia
491 558 617 617 sortasse
634 557 886 618 autPetavianum
902 556 1054 617 aulalium
1072 559 1172 617 nescio
1189 574 1278 633 quern

136 660 268 720 codicem
284 658 334 718 ille
349 657 398 718 bis
409 657 481 717 locis
493 658 657 737 descripsit.
681 658 784 736 Silligii
800 660 965 720 testimonia
980 667 1009 719 et
1020 676 1123 719 manca
1137 666 1167 719 61
1179 660 1279 717 minus

28 797 31 801 <
135 761 190 820 tiela
214 762 244 819 in
260 761 316 820 boc
331 767 363 821 ut
383 762 414 819 in
430 759 494 820 aliis
510 759 592 820 libris
609 779 696 838 saepe
712 769 852 840 expertus
867 778 941 820 sum.
976 759 1051 837 siglo
1067 779 1138 820 usus
1153 778 1220 820 sum
1241 761 1277 819 V.

221 914 465 982 petavianus,
490 913 540 989 qui
564 908 634 971 olim
651 911 772 971 Parisiis
795 913 859 980 luit,
884 910 934 971 ubi
956 912 1107 990 inspectus
1130 919 1176 971 est
1198 928 1278 970 anno

135 1011 217 1075 1646
237 1033 256 1074 6
279 1013 397 1074 Nicolao
425 1013 546 1073 Heinsio
576 1012 650 1092 (syll.
675 1014 758 1091 epist.
783 1013 885 1072 llurm.
909 1012 948 1071 Hl
977 1032 1005 1091 p.
1032 1009 1091 1072 168
1114 1031 1158 1089 sq.
1189 1013 1276 1090 epist.

134 1114 170 1175 ad
193 1115 340 1194 Hoppium
366 1135 393 1192 p.
417 1113 503 1193 LlV)‚
533 1132 610 1174 anno
636 1111 715 1173 1651
745 1133 812 1174 curn
841 1118 949 1174 ceteris
971 1109 1145 1173 Petavianae
1168 1112 1276 1172 biblio-

134 1217 238 1276 thecae
261 1216 353 1284 libris,
379 1218 457 1276 inter
481 1234 555 1294 quos
577 1216 770 1292 manuscripti
793 1215 987 1293 quadraginta
1011 1221 1104 1285 crant,
1128 1212 1276 1273 Holmiam

135 1318 250 1376 videtur
281 1315 441 1376 translatus
475 1297 538 1399 6666
572 1314 644 1394 (syll.
676 1308 1191 1394 661616.261662665661,
1227 1314 1278 1375 ubi

93 1430 97 1438 '
135 1427 232 1477 tamen
260 1436 339 1477 nnnc
361 1435 457 1495 neque
479 1416 559 1476 bunc
581 1433 678 1492 neque
703 1415 794 1476 ullum
817 1418 1042 1477 Petavianorum
1066 1416 1203 1477 codicum
1227 1435 1277 1474 ex·

134 1527 198 1579 tare
230 1519 398 1608 praefectus
431 1516 627 1578 bibliothecae
654 1515 732 1576 illius
760 1517 913 1596 respondit
941 1527 1061 1595 rogatos
1089 1536 1153 1578 mea
1182 1519 1276 1594 gratia

134 1639 188 1698 per
221 1605 363 1696 collegam
398 1619 646 1679 officiosissimum
681 1617 871 1679 Theodorum
906 1619 1062 1679 Hoebium.
1113 1636 1185 1696 ergo
1223 1620 1276 1678 nisi

135 1716 222 1799 periit
243 1720 398 1799 probabile
421 1730 466 1780 est
487 1719 580 1779 latere
602 1718 684 1779 illum
707 1721 785 1779 inter
808 1730 889 1780 ceter
891 1738 924 1779 os
946 1718 1038 1779 libros
1059 1721 1274 1797 manuscriptos

134 1843 150 1881 6
173 1821 320 1881 Cbristina
343 1824 444 1899 regina
470 1820 667 1880 bibliothecae
690 1820 846 1881 Vaticanae
869 1820 1003 1881 donatos.
1044 1839 1172 1900 quorum
1195 1829 1271 1881 cata-

134 1924 234 2000 logum
257 1923 423 1982 conleetum
446 1940 461 1980 a
486 1920 612 1981 lludibio
640 1925 716 1982 inter
741 1920 806 1999 plus
828 1921 887 1982 duo
910 1921 989 1982 milia
1019 1921 1163 1982 librorum
1187 1923 1272 1982 etiarn

134 2023 255 2101 Vergilii
278 2023 456 2101 exemplaria
480 2022 623 2101 quaedam
646 2023 734 2083 audio
756 2040 941 2090 enumerare,
965 2023 1017 2082 sed
1033 2041 1093 2083 non
1109 2024 1273 2082 accuratius

133 2124 181 2185 illa
206 2125 363 2203 descripta.
408 2125 527 2183 interint
551 2123 620 2182 dunr
643 2124 741 2182 denuo
765 2125 953 2200 investigatus
978 2125 1049 2193 erit,
1080 2143 1116 2184 ex
1138 2123 1202 2184 solo
1224 2123 1272 2183 illo

134 2226 306 2304 appendicis
328 2223 535 2302 Scaligeranae
558 2223 719 2302 exemplari
742 2225 883 2300 cognosci
905 2232 1016 2302 potest,
1045 2227 1126 2284 cuius
1149 2225 1275 2301 margini

134 2328 171 2387 ls.
196 2329 316 2387 Vossius
344 2334 374 2384 et
401 2326 489 2385 buius
517 2332 547 2383 61
579 2324 713 2385 Tlroanci
745 2325 888 2386 lectiones
917 2326 1082 2404 adscripsit.
1129 2328 1179 2404 qui
1208 2344 1272 2385 curn

133 2428 290 2488 Petaviano
319 2425 441 2486 contulit
468 2428 593 2486 culicem
620 2444 727 2502 copam
750 2435 780 2487 61
802 2429 1012 2506 epigrammata
1035 2427 1146 2487 anthol.
1170 2427 1273 2486 Burm.

134 2529 146 2588 1
171 2524 239 2589 136.
270 2526 295 2586 H
326 2522 394 2586 192.
424 2522 539 2586 1132.
571 2543 646 2602 quae
680 2529 767 2587 etiam
800 2530 831 2587 in
849 2525 1000 2588 Tlruaneo
1029 2528 1176 2606 leguntur.
1222 2529 1274 2588 sed

134 2648 202 2690 cum
230 2627 355 2688 eandem
385 2626 464 2686 illam
492 2627 716 2704 inscriptionem
745 2627 949 2688 POETAHVH
971 2648 998 2689 e.
1021 2649 1048 2708 q.
1073 2650 1096 2689 6.
1126 2646 1215 2708 quam
1238 2647 1275 2686 ex

132 2729 273 2790 Tbuaneo
297 2746 386 2805 supra
410 2727 562 2805 descripsi,
583 2729 614 2786 16
637 2727 693 2788 boc
716 2746 834 2807 quoque
856 2729 951 2789 isdem
973 2729 1079 2791 litteris
1102 2729 1160 2808 legi
1185 2738 1274 2789 teste-

134 2839 182 2889 tur
205 2830 340 2898 VosslnS,
370 2829 442 2887 satis
464 2826 629 2906 probabilis
652 2829 754 2889 Naeltii
783 2831 821 2908 (p.
844 2828 916 2909 339)
947 2833 1115 2891 coniectura
1145 2840 1207 2900 est,
1238 2850 1275 2890 ne

134 2940 233 2992 cetera
256 2930 392 3008 quidem,
423 2947 498 3007 quae
521 2932 665 2989 iuvenalis
687 2932 753 2991 ludi
773 2934 873 2991 libello
898 2934 1102 3001 continentur,
1132 2933 1273 2992 defuisse.

134 3051 168 3092 66
191 3034 277 3091 diras
299 3036 399 3090 extare
422 3032 452 3088 in
477 3048 512 3088 eo
535 3028 643 3089 diserte
666 3030 737 3091 dicit
758 3032 896 3093 Heinsius
919 3035 955 3092 661
979 3034 1074 3094 Ovidii
1097 3035 1182 3112 epist.
1207 3032 1273 3094 XlX

131 3131 188 3203 26,
217 3131 320 3192 666666
349 3141 407 3191 tam
431 3130 467 3191 ab
491 3131 547 3191 boc
570 3148 656 3208 quam
680 3151 695 3192 6
718 3131 861 3193 Tbuanco
883 3137 961 3195 cirin
983 3135 1061 3195 idom
1085 3135 1274 3195 adfirmatio

51 3267 54 3274 .
133 3236 216 3313 epist
241 3234 277 3293 ad
299 3233 357 3294 166.
374 3232 554 3292 Gronovinm
578 3220 618 3311 (in
640 3233 802 3294 Burmanni
826 3236 909 3313 epist.
934 3234 1166 3314 dedicatoriap.
1190 3235 1273 3314 LlV)

133 3335 169 3394 de
193 3342 287 3394 aetate
309 3331 381 3393 nibil
405 3340 533 3401 6666161,
557 3333 612 3392 6161
634 3334 744 3412 quod
755 3337 960 3395 veterrimum'
984 3335 1113 3415 appellat
1135 3336 1274 3396 Heinsius

52 3431 54 3438 ’
132 3435 168 3495 ad
192 3435 274 3496 Ovid.
298 3433 316 3494 l
340 3432 359 3494 l.
382 3435 493 3510 signavi
515 3433 611 3494 littera
634 3437 667 3494 P.

218 3536 259 3597 Ex
287 3535 391 3596 eodem
420 3534 497 3594 libro
525 3535 660 3595 videntur
689 3545 827 3616 excerpta
856 3557 920 3598 esse
948 3556 1022 3616 quae
1045 3539 1250 3601 Gronovius
1242 3558 1274 3599 m

132 3637 297 3699 adversaria
319 3635 419 3696 intulit
440 3654 517 3714 quae
539 3639 570 3696 in
592 3639 663 3696 bibl.
687 3639 829 3698 leidensi
849 3644 929 3699 inter
952 3643 1147 3723 Gronovinm
1163 3661 1192 3700 n.
1212 3638 1272 3701 127

18 3784 20 3789 «
133 3746 297 3800 servantur.
334 3737 484 3816 pertinent
507 3738 585 3797 enim
609 3737 645 3797 ad
667 3756 773 3814 copam
795 3749 938 3801 moretum
961 3745 1083 3802 culicem
1101 3749 1130 3801 et
1151 3761 1273 3821 semper

131 3842 196 3901 lere
230 3846 397 3917 congruunt
426 3856 493 3898 cum
517 3840 550 3898 P.
596 3857 671 3917 quae
697 3840 748 3900 ubi
776 3845 1019 3911 commemoravi,
1048 3843 1123 3920 siglo
1145 3849 1195 3902 ta
1224 3860 1273 3903 me

131 3941 265 4021 praedita
288 3948 365 4002 sunt.

217 4093 417 4156 Vossianus
445 4092 513 4155 cod.
537 4091 605 4157 Lat.
628 4090 823 4158 bibliothecae
844 4096 998 4159 1616166616
1021 4096 1084 4159 061.
1106 4116 1135 4158 6.
1158 4085 1208 4168 81,
1234 4115 1274 4159 ex

131 4194 200 4258 titt.
234 4193 276 4256 Is.
313 4194 411 4256 Vossii
429 4192 507 4265 265,
544 4197 669 4256 membr.
704 4215 780 4258 saec.
803 4198 854 4258 XV
887 4198 978 4258 nitide
1006 4200 1056 4259 sed
1091 4199 1274 4278 compendiis

132 4296 268 4377 plurimis
290 4298 417 4379 scriptus
440 4299 571 4358 continet
591 4301 725 4378 Priapea
745 4300 794 4360 sol.
813 4297 925 4405 1-10,
950 4301 1101 4362 Moretum
1121 4301 1172 4362 161.
1191 4290 1270 4361 112-
