<?xml version="1.0" encoding="UTF-8"?>
<!DOCTYPE html PUBLIC "-//W3C//DTD XHTML 1.0 Transitional//EN"
    "http://www.w3.org/TR/xhtml1/DTD/xhtml1-transitional.dtd">
<html xmlns="http://www.w3.org/1999/xhtml" xml:lang="en" lang="en">
 <head>
  <title>
</title>
<meta http-equiv="Content-Type" content="text/html;charset=utf-8" />
  <meta name='ocr-system' content='tesseract 3.04.00' />
  <meta name='ocr-capabilities' content='ocr_page ocr_carea ocr_par ocr_line ocrx_word'/>
</head>
<body>
  <div class='ocr_page' id='page_1' title='image "./opera07virggoog_0039.png"; bbox 0 0 2820 4770; ppageno 0'>
   <div class='ocr_carea' id='block_1_1' title="bbox 233 256 926 321">
    <p class='ocr_par' dir='ltr' id='par_1_1' title="bbox 233 256 926 321">
     <span class='ocr_line' id='line_1_1' title="bbox 233 256 926 321; baseline -0.003 0"><span class='ocrx_word' id='word_1_1' title='bbox 233 256 272 321; x_wconf 86' lang='grc'><strong>10</strong></span> <span class='ocrx_word' id='word_1_2' title='bbox 674 277 926 320; x_wconf 81' lang='grc'><strong>333333333333</strong></span> 
     </span>
    </p>
   </div>
   <div class='ocr_carea' id='block_1_2' title="bbox 159 442 1378 3769">
    <p class='ocr_par' dir='ltr' id='par_1_2' title="bbox 159 442 1378 3769">
     <span class='ocr_line' id='line_1_2' title="bbox 318 442 1375 525; baseline 0 -19"><span class='ocrx_word' id='word_1_3' title='bbox 318 448 423 506; x_wconf 77' lang='grc'><strong>01113</strong></span> <span class='ocrx_word' id='word_1_4' title='bbox 451 445 650 520; x_wconf 89' lang='lat' dir='ltr'>certissimum</span> <span class='ocrx_word' id='word_1_5' title='bbox 681 454 724 506; x_wconf 88' lang='lat' dir='ltr'><strong>est</strong></span> <span class='ocrx_word' id='word_1_6' title='bbox 752 463 849 524; x_wconf 88' lang='lat' dir='ltr'>neque</span> <span class='ocrx_word' id='word_1_7' title='bbox 879 464 895 505; x_wconf 89' lang='lat' dir='ltr'>a</span> <span class='ocrx_word' id='word_1_8' title='bbox 918 444 1046 524; x_wconf 83' lang='lat' dir='ltr'>Vergilio</span> <span class='ocrx_word' id='word_1_9' title='bbox 1074 464 1172 525; x_wconf 91' lang='lat' dir='ltr'>neque</span> <span class='ocrx_word' id='word_1_10' title='bbox 1196 465 1211 507; x_wconf 92' lang='lat' dir='ltr'>a</span> <span class='ocrx_word' id='word_1_11' title='bbox 1235 442 1375 506; x_wconf 86' lang='lat' dir='ltr'>Cornelio</span> 
     </span>
     <span class='ocr_line' id='line_1_3' title="bbox 233 545 1375 626; baseline -0.004 -18"><span class='ocrx_word' id='word_1_12' title='bbox 233 547 314 608; x_wconf 85' lang='lat' dir='ltr'>Gallo</span> <span class='ocrx_word' id='word_1_13' title='bbox 344 554 437 606; x_wconf 91' lang='lat' dir='ltr'>ortam</span> <span class='ocrx_word' id='word_1_14' title='bbox 461 564 540 615; x_wconf 89' lang='lat' dir='ltr'>esse;</span> <span class='ocrx_word' id='word_1_15' title='bbox 570 548 652 607; x_wconf 89' lang='lat' dir='ltr'>cuius</span> <span class='ocrx_word' id='word_1_16' title='bbox 676 545 861 624; x_wconf 89' lang='lat' dir='ltr'>prooemium</span> <span class='ocrx_word' id='word_1_17' title='bbox 885 548 935 626; x_wconf 91' lang='lat' dir='ltr'><strong>qui</strong></span> <span class='ocrx_word' id='word_1_18' title='bbox 963 553 1222 619; x_wconf 83' lang='lat' dir='ltr'>accuratesecum</span> <span class='ocrx_word' id='word_1_19' title='bbox 1244 563 1375 626; x_wconf 85' lang='lat' dir='ltr'>perpen-</span> 
     </span>
     <span class='ocr_line' id='line_1_4' title="bbox 233 644 1376 728; baseline -0.001 -21"><span class='ocrx_word' id='word_1_20' title='bbox 233 648 324 717; x_wconf 82' lang='lat' dir='ltr'>derit,</span> <span class='ocrx_word' id='word_1_21' title='bbox 348 646 434 708; x_wconf 83' lang='lat' dir='ltr'>facile</span> <span class='ocrx_word' id='word_1_22' title='bbox 456 644 556 707; x_wconf 87' lang='lat' dir='ltr'>sobrio</span> <span class='ocrx_word' id='word_1_23' title='bbox 579 646 684 726; x_wconf 86' lang='lat' dir='ltr'>Silligii</span> <span class='ocrx_word' id='word_1_24' title='bbox 706 647 816 708; x_wconf 87' lang='lat' dir='ltr'>iudicio</span> <span class='ocrx_word' id='word_1_25' title='bbox 840 648 1016 709; x_wconf 81' lang='lat' dir='ltr'>subscribet.</span> <span class='ocrx_word' id='word_1_26' title='bbox 1052 649 1108 708; x_wconf 78' lang='lat' dir='ltr'>fuit</span> <span class='ocrx_word' id='word_1_27' title='bbox 1129 650 1208 709; x_wconf 91' lang='lat' dir='ltr'>enim</span> <span class='ocrx_word' id='word_1_28' title='bbox 1229 647 1376 728; x_wconf 89' lang='lat' dir='ltr'>poematis</span> 
     </span>
     <span class='ocr_line' id='line_1_5' title="bbox 232 746 1375 827; baseline 0.001 -19"><span class='ocrx_word' id='word_1_29' title='bbox 232 748 308 810; x_wconf 93' lang='lat' dir='ltr'>illius</span> <span class='ocrx_word' id='word_1_30' title='bbox 336 755 437 809; x_wconf 81' lang='lat' dir='ltr'>auctor</span> <span class='ocrx_word' id='word_1_31' title='bbox 465 749 660 827; x_wconf 77' lang='lat' dir='ltr'>provectioris</span> <span class='ocrx_word' id='word_1_32' title='bbox 685 750 743 808; x_wconf 88' lang='lat' dir='ltr'><strong>iam</strong></span> <span class='ocrx_word' id='word_1_33' title='bbox 767 751 869 809; x_wconf 90' lang='lat' dir='ltr'>aetatis</span> <span class='ocrx_word' id='word_1_34' title='bbox 891 751 923 808; x_wconf 91' lang='lat' dir='ltr'><strong>in</strong></span> <span class='ocrx_word' id='word_1_35' title='bbox 945 767 979 808; x_wconf 90' lang='lat' dir='ltr'>re</span> <span class='ocrx_word' id='word_1_36' title='bbox 1001 748 1118 827; x_wconf 87' lang='lat' dir='ltr'>publica</span> <span class='ocrx_word' id='word_1_37' title='bbox 1140 746 1375 809; x_wconf 86' lang='lat' dir='ltr'>administranda</span> 
     </span>
     <span class='ocr_line' id='line_1_6' title="bbox 231 833 1375 930; baseline -0.002 -21"><span class='ocrx_word' id='word_1_38' title='bbox 231 857 365 910; x_wconf 89' lang='lat' dir='ltr'>versatus</span> <span class='ocrx_word' id='word_1_39' title='bbox 389 857 417 909; x_wconf 91' lang='lat' dir='ltr'><strong>et</strong></span> <span class='ocrx_word' id='word_1_40' title='bbox 440 849 569 911; x_wconf 90' lang='lat' dir='ltr'>bonores</span> <span class='ocrx_word' id='word_1_41' title='bbox 592 833 761 929; x_wconf 80' lang='lat' dir='ltr'>captaverat</span> <span class='ocrx_word' id='word_1_42' title='bbox 785 845 1085 930; x_wconf 78' lang='grc'><strong>(1.2),33111331313</strong></span> <span class='ocrx_word' id='word_1_43' title='bbox 1108 851 1229 910; x_wconf 90' lang='lat' dir='ltr'>satiatus</span> <span class='ocrx_word' id='word_1_44' title='bbox 1251 848 1375 909; x_wconf 83' lang='lat' dir='ltr'>Athenis</span> 
     </span>
     <span class='ocr_line' id='line_1_7' title="bbox 232 945 1373 1031; baseline -0.001 -21"><span class='ocrx_word' id='word_1_45' title='bbox 232 959 326 1011; x_wconf 94' lang='lat' dir='ltr'>totum</span> <span class='ocrx_word' id='word_1_46' title='bbox 361 970 393 1010; x_wconf 90' lang='lat' dir='ltr'><strong>se</strong></span> <span class='ocrx_word' id='word_1_47' title='bbox 425 950 629 1031; x_wconf 88' lang='lat' dir='ltr'>philosophiae</span> <span class='ocrx_word' id='word_1_48' title='bbox 662 951 825 1030; x_wconf 81' lang='lat' dir='ltr'>Epicureae</span> <span class='ocrx_word' id='word_1_49' title='bbox 857 949 938 1029; x_wconf 85' lang='lat' dir='ltr'>dedit</span> <span class='ocrx_word' id='word_1_50' title='bbox 967 949 1002 1026; x_wconf 87' lang='grc'><strong>(1.</strong></span> <span class='ocrx_word' id='word_1_51' title='bbox 1025 947 1045 1010; x_wconf 88' lang='lat'><strong>3</strong></span> <span class='ocrx_word' id='word_1_52' title='bbox 1068 967 1131 1028; x_wconf 87' lang='lat' dir='ltr'>sqq.</span> <span class='ocrx_word' id='word_1_53' title='bbox 1161 950 1197 1010; x_wconf 87' lang='lat' dir='ltr'><strong>cl.</strong></span> <span class='ocrx_word' id='word_1_54' title='bbox 1223 945 1265 1009; x_wconf 93' lang='grc'><strong>22</strong></span> <span class='ocrx_word' id='word_1_55' title='bbox 1289 949 1373 1030; x_wconf 86' lang='lat' dir='ltr'>sqq),</span> 
     </span>
     <span class='ocr_line' id='line_1_8' title="bbox 233 1047 1375 1133; baseline 0.001 -23"><span class='ocrx_word' id='word_1_56' title='bbox 233 1059 331 1112; x_wconf 87' lang='lat' dir='ltr'>tamen</span> <span class='ocrx_word' id='word_1_57' title='bbox 360 1059 392 1112; x_wconf 88' lang='lat' dir='ltr'>ut</span> <span class='ocrx_word' id='word_1_58' title='bbox 421 1070 513 1113; x_wconf 89' lang='grc'><strong>33133</strong></span> <span class='ocrx_word' id='word_1_59' title='bbox 542 1055 629 1113; x_wconf 89' lang='grc'><strong>311313</strong></span> <span class='ocrx_word' id='word_1_60' title='bbox 659 1052 715 1112; x_wconf 94' lang='lat' dir='ltr'><strong>boc</strong></span> <span class='ocrx_word' id='word_1_61' title='bbox 737 1053 769 1117; x_wconf 91' lang='lat' dir='ltr'><strong>in</strong></span> <span class='ocrx_word' id='word_1_62' title='bbox 790 1051 887 1113; x_wconf 88' lang='lat' dir='ltr'>studio</span> <span class='ocrx_word' id='word_1_63' title='bbox 910 1053 1001 1112; x_wconf 88' lang='lat' dir='ltr'>inisse</span> <span class='ocrx_word' id='word_1_64' title='bbox 1025 1051 1159 1112; x_wconf 88' lang='lat' dir='ltr'>videatur</span> <span class='ocrx_word' id='word_1_65' title='bbox 1183 1052 1217 1131; x_wconf 90' lang='grc'><strong>(1.</strong></span> <span class='ocrx_word' id='word_1_66' title='bbox 1241 1047 1285 1111; x_wconf 94' lang='grc'><strong>42</strong></span> <span class='ocrx_word' id='word_1_67' title='bbox 1308 1053 1375 1133; x_wconf 75' lang='lat' dir='ltr'>qq),</span> 
     </span>
     <span class='ocr_line' id='line_1_9' title="bbox 232 1153 1376 1233; baseline 0.001 -21"><span class='ocrx_word' id='word_1_68' title='bbox 232 1155 410 1232; x_wconf 89' lang='lat' dir='ltr'>promittens</span> <span class='ocrx_word' id='word_1_69' title='bbox 439 1154 508 1213; x_wconf 91' lang='lat' dir='ltr'>olim</span> <span class='ocrx_word' id='word_1_70' title='bbox 531 1173 686 1214; x_wconf 86' lang='lat' dir='ltr'>sororum</span> <span class='ocrx_word' id='word_1_71' title='bbox 713 1160 849 1216; x_wconf 89' lang='lat' dir='ltr'>naturam</span> <span class='ocrx_word' id='word_1_72' title='bbox 877 1155 1030 1233; x_wconf 84' lang='lat' dir='ltr'>magnifico</span> <span class='ocrx_word' id='word_1_73' title='bbox 1053 1162 1191 1233; x_wconf 83' lang='lat' dir='ltr'>poemate</span> <span class='ocrx_word' id='word_1_74' title='bbox 1212 1153 1376 1214; x_wconf 88' lang='lat' dir='ltr'>illustratu-</span> 
     </span>
     <span class='ocr_line' id='line_1_10' title="bbox 233 1248 1376 1334; baseline -0.001 -20"><span class='ocrx_word' id='word_1_75' title='bbox 233 1273 298 1314; x_wconf 94' lang='lat' dir='ltr'><strong>rum</strong></span> <span class='ocrx_word' id='word_1_76' title='bbox 323 1273 388 1316; x_wconf 88' lang='lat' dir='ltr'>esse</span> <span class='ocrx_word' id='word_1_77' title='bbox 411 1254 447 1334; x_wconf 90' lang='lat' dir='ltr'><strong>(v.</strong></span> <span class='ocrx_word' id='word_1_78' title='bbox 467 1252 616 1333; x_wconf 78' lang='grc'><strong>12-41),</strong></span> <span class='ocrx_word' id='word_1_79' title='bbox 645 1257 765 1316; x_wconf 89' lang='grc'><strong>13131131</strong></span> <span class='ocrx_word' id='word_1_80' title='bbox 794 1257 888 1334; x_wconf 89' lang='lat' dir='ltr'>prima</span> <span class='ocrx_word' id='word_1_81' title='bbox 918 1255 981 1314; x_wconf 89' lang='lat' dir='ltr'>aevi</span> <span class='ocrx_word' id='word_1_82' title='bbox 1007 1253 1174 1315; x_wconf 80' lang='grc'><strong>1311133313</strong></span> <span class='ocrx_word' id='word_1_83' title='bbox 1196 1253 1231 1332; x_wconf 92' lang='lat' dir='ltr'><strong>(v.</strong></span> <span class='ocrx_word' id='word_1_84' title='bbox 1251 1248 1297 1313; x_wconf 87' lang='grc'><strong>44</strong></span> <span class='ocrx_word' id='word_1_85' title='bbox 1311 1252 1376 1333; x_wconf 80' lang='lat' dir='ltr'>sq),</span> 
     </span>
     <span class='ocr_line' id='line_1_11' title="bbox 235 1339 1377 1437; baseline -0.001 -22"><span class='ocrx_word' id='word_1_86' title='bbox 235 1362 338 1435; x_wconf 90' lang='lat' dir='ltr'>coepta</span> <span class='ocrx_word' id='word_1_87' title='bbox 360 1339 507 1434; x_wconf 49' lang='lat' dir='ltr'>longo&#39;ex</span> <span class='ocrx_word' id='word_1_88' title='bbox 532 1364 664 1435; x_wconf 90' lang='lat' dir='ltr'>tempore</span> <span class='ocrx_word' id='word_1_89' title='bbox 688 1344 781 1437; x_wconf 68' lang='lat' dir='ltr'>(ra).</span> <span class='ocrx_word' id='word_1_90' title='bbox 806 1356 898 1416; x_wconf 89' lang='lat' dir='ltr'>multo</span> <span class='ocrx_word' id='word_1_91' title='bbox 921 1355 1037 1434; x_wconf 89' lang='lat' dir='ltr'>vigilata</span> <span class='ocrx_word' id='word_1_92' title='bbox 1059 1354 1160 1416; x_wconf 88' lang='lat' dir='ltr'>labore</span> <span class='ocrx_word' id='word_1_93' title='bbox 1184 1354 1219 1434; x_wconf 90' lang='lat' dir='ltr'><strong>(v.</strong></span> <span class='ocrx_word' id='word_1_94' title='bbox 1236 1351 1289 1435; x_wconf 87' lang='grc'><strong>46)</strong></span> <span class='ocrx_word' id='word_1_95' title='bbox 1314 1353 1377 1414; x_wconf 90' lang='lat' dir='ltr'>diu·</span> 
     </span>
     <span class='ocr_line' id='line_1_12' title="bbox 235 1452 1376 1537; baseline 0 -20"><span class='ocrx_word' id='word_1_96' title='bbox 235 1475 292 1534; x_wconf 91' lang='lat' dir='ltr'>que</span> <span class='ocrx_word' id='word_1_97' title='bbox 314 1459 460 1534; x_wconf 90' lang='lat' dir='ltr'>promissa</span> <span class='ocrx_word' id='word_1_98' title='bbox 485 1457 519 1536; x_wconf 80' lang='grc'><strong>(1.</strong></span> <span class='ocrx_word' id='word_1_99' title='bbox 542 1455 610 1537; x_wconf 89' lang='grc'><strong>47),</strong></span> <span class='ocrx_word' id='word_1_100' title='bbox 639 1457 676 1516; x_wconf 90' lang='lat' dir='ltr'>de</span> <span class='ocrx_word' id='word_1_101' title='bbox 699 1452 794 1536; x_wconf 83' lang='lat' dir='ltr'>Scylla</span> <span class='ocrx_word' id='word_1_102' title='bbox 818 1477 938 1519; x_wconf 87' lang='lat' dir='ltr'>carmen</span> <span class='ocrx_word' id='word_1_103' title='bbox 960 1457 1130 1529; x_wconf 89' lang='lat' dir='ltr'>Messallae,</span> <span class='ocrx_word' id='word_1_104' title='bbox 1159 1460 1301 1519; x_wconf 85' lang='lat' dir='ltr'>iuvenum</span> <span class='ocrx_word' id='word_1_105' title='bbox 1324 1455 1376 1517; x_wconf 87' lang='lat' dir='ltr'><strong>do·</strong></span> 
     </span>
     <span class='ocr_line' id='line_1_13' title="bbox 235 1546 1376 1638; baseline 0.001 -21"><span class='ocrx_word' id='word_1_106' title='bbox 235 1546 365 1619; x_wconf 84' lang='lat' dir='ltr'>ctissime</span> <span class='ocrx_word' id='word_1_107' title='bbox 395 1557 430 1637; x_wconf 87' lang='lat' dir='ltr'><strong>(v.</strong></span> <span class='ocrx_word' id='word_1_108' title='bbox 453 1554 504 1620; x_wconf 86' lang='lat'><strong>54.</strong></span> <span class='ocrx_word' id='word_1_109' title='bbox 528 1555 595 1638; x_wconf 85' lang='lat'><strong>36),</strong></span> <span class='ocrx_word' id='word_1_110' title='bbox 626 1558 731 1618; x_wconf 80' lang='lat' dir='ltr'>defert.</span> <span class='ocrx_word' id='word_1_111' title='bbox 755 1559 833 1619; x_wconf 77' lang='lat' dir='ltr'>irlem</span> <span class='ocrx_word' id='word_1_112' title='bbox 857 1559 954 1619; x_wconf 90' lang='lat' dir='ltr'>Musas</span> <span class='ocrx_word' id='word_1_113' title='bbox 983 1559 1052 1618; x_wconf 94' lang='lat' dir='ltr'>olim</span> <span class='ocrx_word' id='word_1_114' title='bbox 1082 1579 1114 1619; x_wconf 93' lang='lat' dir='ltr'><strong>se</strong></span> <span class='ocrx_word' id='word_1_115' title='bbox 1137 1558 1264 1619; x_wconf 86' lang='lat' dir='ltr'>coluisse</span> <span class='ocrx_word' id='word_1_116' title='bbox 1287 1566 1376 1637; x_wconf 86' lang='lat' dir='ltr'>atque</span> 
     </span>
     <span class='ocr_line' id='line_1_14' title="bbox 236 1656 1377 1740; baseline 0 -20"><span class='ocrx_word' id='word_1_117' title='bbox 236 1660 344 1736; x_wconf 86' lang='lat' dir='ltr'>elegias</span> <span class='ocrx_word' id='word_1_118' title='bbox 376 1660 526 1720; x_wconf 84' lang='lat' dir='ltr'>interdum</span> <span class='ocrx_word' id='word_1_119' title='bbox 559 1658 662 1720; x_wconf 79' lang='lat' dir='ltr'>bidere</span> <span class='ocrx_word' id='word_1_120' title='bbox 697 1663 732 1735; x_wconf 89' lang='lat' dir='ltr'><strong>(v.</strong></span> <span class='ocrx_word' id='word_1_121' title='bbox 759 1657 798 1720; x_wconf 87' lang='lat'><strong>19</strong></span> <span class='ocrx_word' id='word_1_122' title='bbox 819 1678 861 1738; x_wconf 78' lang='lat' dir='ltr'>sq.</span> <span class='ocrx_word' id='word_1_123' title='bbox 891 1656 932 1720; x_wconf 90' lang='grc'><strong>92</strong></span> <span class='ocrx_word' id='word_1_124' title='bbox 954 1660 1027 1740; x_wconf 87' lang='lat' dir='ltr'>sqq.)</span> <span class='ocrx_word' id='word_1_125' title='bbox 1062 1661 1225 1737; x_wconf 84' lang='lat' dir='ltr'>profitetur.</span> <span class='ocrx_word' id='word_1_126' title='bbox 1272 1658 1377 1739; x_wconf 69' lang='lat' dir='ltr'>quoglsi</span> 
     </span>
     <span class='ocr_line' id='line_1_15' title="bbox 234 1746 1375 1840; baseline -0.001 -18"><span class='ocrx_word' id='word_1_127' title='bbox 234 1762 272 1822; x_wconf 94' lang='lat' dir='ltr'><strong>M.</strong></span> <span class='ocrx_word' id='word_1_128' title='bbox 297 1746 444 1823; x_wconf 80' lang='lat' dir='ltr'>Valerium</span> <span class='ocrx_word' id='word_1_129' title='bbox 466 1760 633 1822; x_wconf 87' lang='lat' dir='ltr'>Messallam</span> <span class='ocrx_word' id='word_1_130' title='bbox 656 1761 828 1830; x_wconf 86' lang='lat' dir='ltr'>Corvinum,</span> <span class='ocrx_word' id='word_1_131' title='bbox 853 1761 1068 1822; x_wconf 90' lang='lat' dir='ltr'>nobilissimum</span> <span class='ocrx_word' id='word_1_132' title='bbox 1093 1769 1250 1832; x_wconf 90' lang='lat' dir='ltr'>oratorem,</span> <span class='ocrx_word' id='word_1_133' title='bbox 1275 1761 1375 1840; x_wconf 88' lang='lat' dir='ltr'>appel·</span> 
     </span>
     <span class='ocr_line' id='line_1_16' title="bbox 235 1859 1374 1942; baseline 0.003 -21"><span class='ocrx_word' id='word_1_134' title='bbox 235 1863 320 1933; x_wconf 85' lang='grc'><strong>13131,</strong></span> <span class='ocrx_word' id='word_1_135' title='bbox 344 1865 484 1942; x_wconf 90' lang='lat' dir='ltr'>scriptam</span> <span class='ocrx_word' id='word_1_136' title='bbox 508 1881 573 1923; x_wconf 90' lang='lat' dir='ltr'>esse</span> <span class='ocrx_word' id='word_1_137' title='bbox 596 1862 676 1923; x_wconf 87' lang='lat' dir='ltr'>Cirin</span> <span class='ocrx_word' id='word_1_138' title='bbox 698 1863 869 1940; x_wconf 19' lang='lat' dir='ltr'>‘efficeretur</span> <span class='ocrx_word' id='word_1_139' title='bbox 892 1881 969 1923; x_wconf 92' lang='lat' dir='ltr'>anno</span> <span class='ocrx_word' id='word_1_140' title='bbox 994 1859 1210 1931; x_wconf 87' lang='grc'><strong>709131710,</strong></span> <span class='ocrx_word' id='word_1_141' title='bbox 1235 1881 1305 1924; x_wconf 89' lang='lat' dir='ltr'><strong>cum</strong></span> <span class='ocrx_word' id='word_1_142' title='bbox 1326 1862 1374 1924; x_wconf 91' lang='lat' dir='ltr'>ille</span> 
     </span>
     <span class='ocr_line' id='line_1_17' title="bbox 159 1961 1373 2040; baseline -0.001 -15"><span class='ocrx_word' id='word_1_143' title='bbox 159 2026 161 2035; x_wconf 65' lang='lat'>.</span> <span class='ocrx_word' id='word_1_144' title='bbox 235 1966 350 2025; x_wconf 83' lang='lat' dir='ltr'>invenis</span> <span class='ocrx_word' id='word_1_145' title='bbox 372 1963 494 2025; x_wconf 80' lang='lat' dir='ltr'>Athenis</span> <span class='ocrx_word' id='word_1_146' title='bbox 516 1964 621 2024; x_wconf 90' lang='lat' dir='ltr'>studiis</span> <span class='ocrx_word' id='word_1_147' title='bbox 648 1963 765 2024; x_wconf 89' lang='lat' dir='ltr'>deditus</span> <span class='ocrx_word' id='word_1_148' title='bbox 789 1971 866 2024; x_wconf 83' lang='lat' dir='ltr'>esset</span> <span class='ocrx_word' id='word_1_149' title='bbox 889 1963 936 2040; x_wconf 86' lang='lat' dir='ltr'>(cl&#39;.</span> <span class='ocrx_word' id='word_1_150' title='bbox 959 1964 1017 2025; x_wconf 86' lang='lat' dir='ltr'>Cic.</span> <span class='ocrx_word' id='word_1_151' title='bbox 1043 1964 1078 2024; x_wconf 76' lang='lat' dir='ltr'><strong>acl</strong></span> <span class='ocrx_word' id='word_1_152' title='bbox 1100 1964 1158 2025; x_wconf 78' lang='lat' dir='ltr'><strong>lu.</strong></span> <span class='ocrx_word' id='word_1_153' title='bbox 1181 1963 1235 2024; x_wconf 85' lang='grc' dir='ltr'><strong>ΧΠ</strong></span> <span class='ocrx_word' id='word_1_154' title='bbox 1249 1961 1300 2026; x_wconf 88' lang='grc'><strong>32.</strong></span> <span class='ocrx_word' id='word_1_155' title='bbox 1324 1962 1373 2024; x_wconf 87' lang='lat' dir='ltr'><strong>XV</strong></span> 
     </span>
     <span class='ocr_line' id='line_1_18' title="bbox 238 2061 1370 2145; baseline 0.003 -21"><span class='ocrx_word' id='word_1_156' title='bbox 238 2062 302 2145; x_wconf 84' lang='grc'><strong>17);</strong></span> <span class='ocrx_word' id='word_1_157' title='bbox 327 2083 394 2125; x_wconf 89' lang='grc'><strong>3331</strong></span> <span class='ocrx_word' id='word_1_158' title='bbox 416 2073 517 2143; x_wconf 88' lang='grc'><strong>333133</strong></span> <span class='ocrx_word' id='word_1_159' title='bbox 540 2063 690 2143; x_wconf 88' lang='lat' dir='ltr'>usquead</span> <span class='ocrx_word' id='word_1_160' title='bbox 714 2061 900 2125; x_wconf 84' lang='grc'><strong>3331113727</strong></span> <span class='ocrx_word' id='word_1_161' title='bbox 922 2064 1049 2124; x_wconf 86' lang='lat' dir='ltr'>civilium</span> <span class='ocrx_word' id='word_1_162' title='bbox 1074 2065 1260 2144; x_wconf 91' lang='lat' dir='ltr'>aliorumque</span> <span class='ocrx_word' id='word_1_163' title='bbox 1283 2063 1370 2127; x_wconf 88' lang='lat' dir='ltr'>bello·</span> 
     </span>
     <span class='ocr_line' id='line_1_19' title="bbox 235 2164 1368 2245; baseline 0.001 -19"><span class='ocrx_word' id='word_1_164' title='bbox 235 2184 300 2226; x_wconf 90' lang='grc'><strong>1313</strong></span> <span class='ocrx_word' id='word_1_165' title='bbox 328 2164 467 2225; x_wconf 82' lang='lat' dir='ltr'>fluctibus</span> <span class='ocrx_word' id='word_1_166' title='bbox 495 2165 617 2225; x_wconf 89' lang='grc'><strong>13313133</strong></span> <span class='ocrx_word' id='word_1_167' title='bbox 645 2174 806 2226; x_wconf 88' lang='grc'><strong>13133131</strong></span> <span class='ocrx_word' id='word_1_168' title='bbox 833 2165 883 2225; x_wconf 88' lang='grc'><strong>1311</strong></span> <span class='ocrx_word' id='word_1_169' title='bbox 910 2167 1038 2245; x_wconf 84' lang='lat' dir='ltr'>poemati</span> <span class='ocrx_word' id='word_1_170' title='bbox 1066 2165 1192 2243; x_wconf 91' lang='lat' dir='ltr'>legendo</span> <span class='ocrx_word' id='word_1_171' title='bbox 1220 2168 1368 2228; x_wconf 88' lang='lat' dir='ltr'>vacaverit.</span> 
     </span>
     <span class='ocr_line' id='line_1_20' title="bbox 236 2248 1366 2346; baseline 0.001 -19"><span class='ocrx_word' id='word_1_172' title='bbox 236 2266 288 2327; x_wconf 89' lang='lat' dir='ltr'><strong>sed</strong></span> <span class='ocrx_word' id='word_1_173' title='bbox 312 2273 434 2327; x_wconf 90' lang='lat' dir='ltr'>noverat</span> <span class='ocrx_word' id='word_1_174' title='bbox 455 2274 541 2346; x_wconf 92' lang='lat' dir='ltr'>poeta</span> <span class='ocrx_word' id='word_1_175' title='bbox 563 2265 612 2325; x_wconf 88' lang='lat' dir='ltr'>ille</span> <span class='ocrx_word' id='word_1_176' title='bbox 627 2267 765 2327; x_wconf 84' lang='lat' dir='ltr'>Aeneidis</span> <span class='ocrx_word' id='word_1_177' title='bbox 786 2265 878 2326; x_wconf 92' lang='lat' dir='ltr'>libros</span> <span class='ocrx_word' id='word_1_178' title='bbox 899 2267 1060 2328; x_wconf 86' lang='lat' dir='ltr'>secundum</span> <span class='ocrx_word' id='word_1_179' title='bbox 1083 2270 1118 2346; x_wconf 89' lang='lat' dir='ltr'><strong>(v.</strong></span> <span class='ocrx_word' id='word_1_180' title='bbox 1135 2263 1219 2346; x_wconf 89' lang='grc'>402),</span> <span class='ocrx_word' id='word_1_181' title='bbox 1244 2248 1366 2336; x_wconf 75' lang='lat' dir='ltr'>tertium,</span> 
     </span>
     <span class='ocr_line' id='line_1_21' title="bbox 236 2364 1365 2446; baseline 0.002 -18"><span class='ocrx_word' id='word_1_182' title='bbox 236 2369 314 2428; x_wconf 90' lang='lat' dir='ltr'>unde</span> <span class='ocrx_word' id='word_1_183' title='bbox 337 2387 362 2426; x_wconf 91' lang='lat' dir='ltr'><strong>r.</strong></span> <span class='ocrx_word' id='word_1_184' title='bbox 382 2364 441 2428; x_wconf 85' lang='grc'><strong>125</strong></span> <span class='ocrx_word' id='word_1_185' title='bbox 457 2386 513 2445; x_wconf 90' lang='lat' dir='ltr'>sq.,</span> <span class='ocrx_word' id='word_1_186' title='bbox 537 2375 566 2427; x_wconf 88' lang='lat' dir='ltr'><strong>et</strong></span> <span class='ocrx_word' id='word_1_187' title='bbox 587 2374 710 2437; x_wconf 86' lang='lat' dir='ltr'>sextum,</span> <span class='ocrx_word' id='word_1_188' title='bbox 735 2368 813 2428; x_wconf 85' lang='lat' dir='ltr'>unde</span> <span class='ocrx_word' id='word_1_189' title='bbox 828 2387 853 2427; x_wconf 91' lang='lat' dir='ltr'><strong>r.</strong></span> <span class='ocrx_word' id='word_1_190' title='bbox 870 2365 932 2428; x_wconf 90' lang='grc'><strong>406</strong></span> <span class='ocrx_word' id='word_1_191' title='bbox 949 2370 978 2428; x_wconf 91' lang='grc'><strong>13</strong></span> <span class='ocrx_word' id='word_1_192' title='bbox 1003 2387 1087 2428; x_wconf 93' lang='lat' dir='ltr'>suum</span> <span class='ocrx_word' id='word_1_193' title='bbox 1111 2387 1231 2430; x_wconf 86' lang='lat' dir='ltr'>carmen</span> <span class='ocrx_word' id='word_1_194' title='bbox 1250 2367 1285 2446; x_wconf 91' lang='grc'><strong>(1.</strong></span> <span class='ocrx_word' id='word_1_195' title='bbox 1301 2365 1365 2430; x_wconf 84' lang='grc'><strong>476.</strong></span> 
     </span>
     <span class='ocr_line' id='line_1_22' title="bbox 234 2465 1366 2549; baseline 0.001 -20"><span class='ocrx_word' id='word_1_196' title='bbox 234 2465 306 2548; x_wconf 90' lang='grc'>280)</span> <span class='ocrx_word' id='word_1_197' title='bbox 330 2467 494 2535; x_wconf 88' lang='grc'><strong>1133313111;</strong></span> <span class='ocrx_word' id='word_1_198' title='bbox 524 2487 561 2528; x_wconf 95' lang='grc'><strong>33</strong></span> <span class='ocrx_word' id='word_1_199' title='bbox 584 2468 679 2528; x_wconf 90' lang='lat' dir='ltr'>dicam</span> <span class='ocrx_word' id='word_1_200' title='bbox 702 2468 739 2527; x_wconf 88' lang='lat' dir='ltr'>de</span> <span class='ocrx_word' id='word_1_201' title='bbox 762 2469 934 2547; x_wconf 69' lang='grc'><strong>1331313131.</strong></span> <span class='ocrx_word' id='word_1_202' title='bbox 958 2489 984 2529; x_wconf 92' lang='grc'><strong>1.</strong></span> <span class='ocrx_word' id='word_1_203' title='bbox 1008 2467 1079 2530; x_wconf 88' lang='lat'>318.</span> <span class='ocrx_word' id='word_1_204' title='bbox 1103 2467 1185 2549; x_wconf 85' lang='lat'>349).</span> <span class='ocrx_word' id='word_1_205' title='bbox 1231 2469 1317 2548; x_wconf 91' lang='lat' dir='ltr'>plura</span> <span class='ocrx_word' id='word_1_206' title='bbox 1336 2489 1366 2534; x_wconf 83' lang='lat' dir='ltr'>ex</span> 
     </span>
     <span class='ocr_line' id='line_1_23' title="bbox 236 2562 1364 2650; baseline 0.003 -20"><span class='ocrx_word' id='word_1_207' title='bbox 236 2570 358 2650; x_wconf 86' lang='lat' dir='ltr'>eclogis,</span> <span class='ocrx_word' id='word_1_208' title='bbox 381 2569 438 2629; x_wconf 90' lang='grc'><strong>3113</strong></span> <span class='ocrx_word' id='word_1_209' title='bbox 462 2587 497 2629; x_wconf 84' lang='grc'><strong>31</strong></span> <span class='ocrx_word' id='word_1_210' title='bbox 520 2571 680 2647; x_wconf 85' lang='lat' dir='ltr'>georgicon</span> <span class='ocrx_word' id='word_1_211' title='bbox 702 2570 715 2629; x_wconf 95' lang='lat' dir='ltr'>l</span> <span class='ocrx_word' id='word_1_212' title='bbox 737 2562 851 2630; x_wconf 79' lang='lat' dir='ltr'>iuratus</span> <span class='ocrx_word' id='word_1_213' title='bbox 874 2577 934 2636; x_wconf 92' lang='grc'><strong>331,</strong></span> <span class='ocrx_word' id='word_1_214' title='bbox 958 2569 1081 2632; x_wconf 86' lang='grc'><strong>33113313</strong></span> <span class='ocrx_word' id='word_1_215' title='bbox 1104 2574 1202 2632; x_wconf 86' lang='grc'><strong>313313</strong></span> <span class='ocrx_word' id='word_1_216' title='bbox 1226 2590 1241 2631; x_wconf 96' lang='grc'><strong>3</strong></span> <span class='ocrx_word' id='word_1_217' title='bbox 1266 2571 1364 2634; x_wconf 86' lang='lat' dir='ltr'>Schra-</span> 
     </span>
     <span class='ocr_line' id='line_1_24' title="bbox 235 2667 1366 2751; baseline 0.003 -20"><span class='ocrx_word' id='word_1_218' title='bbox 235 2672 307 2732; x_wconf 88' lang='lat' dir='ltr'>dero</span> <span class='ocrx_word' id='word_1_219' title='bbox 336 2671 472 2732; x_wconf 89' lang='lat' dir='ltr'>emendd.</span> <span class='ocrx_word' id='word_1_220' title='bbox 497 2690 525 2749; x_wconf 92' lang='lat' dir='ltr'><strong>p.</strong></span> <span class='ocrx_word' id='word_1_221' title='bbox 548 2667 589 2731; x_wconf 89' lang='lat'><strong>33</strong></span> <span class='ocrx_word' id='word_1_222' title='bbox 612 2687 666 2747; x_wconf 72' lang='lat' dir='ltr'>sq„</span> <span class='ocrx_word' id='word_1_223' title='bbox 696 2671 731 2730; x_wconf 90' lang='lat' dir='ltr'><strong>ad</strong></span> <span class='ocrx_word' id='word_1_224' title='bbox 755 2671 886 2748; x_wconf 92' lang='lat' dir='ltr'>singulos</span> <span class='ocrx_word' id='word_1_225' title='bbox 914 2692 929 2733; x_wconf 94' lang='lat' dir='ltr'>a</span> <span class='ocrx_word' id='word_1_226' title='bbox 952 2691 1000 2732; x_wconf 90' lang='lat' dir='ltr'>me</span> <span class='ocrx_word' id='word_1_227' title='bbox 1022 2692 1124 2733; x_wconf 86' lang='lat' dir='ltr'>versus</span> <span class='ocrx_word' id='word_1_228' title='bbox 1151 2681 1260 2734; x_wconf 86' lang='lat' dir='ltr'>notata.</span> <span class='ocrx_word' id='word_1_229' title='bbox 1303 2691 1366 2751; x_wconf 88' lang='lat' dir='ltr'>ergo</span> 
     </span>
     <span class='ocr_line' id='line_1_25' title="bbox 235 2770 1366 2851; baseline 0.001 -19"><span class='ocrx_word' id='word_1_230' title='bbox 235 2791 294 2833; x_wconf 94' lang='grc'><strong>333</strong></span> <span class='ocrx_word' id='word_1_231' title='bbox 324 2780 390 2832; x_wconf 88' lang='grc'><strong>3313</strong></span> <span class='ocrx_word' id='word_1_232' title='bbox 418 2790 504 2851; x_wconf 92' lang='lat' dir='ltr'>quam</span> <span class='ocrx_word' id='word_1_233' title='bbox 534 2773 675 2832; x_wconf 89' lang='lat' dir='ltr'>recitatus</span> <span class='ocrx_word' id='word_1_234' title='bbox 697 2770 801 2832; x_wconf 89' lang='lat' dir='ltr'>saltem</span> <span class='ocrx_word' id='word_1_235' title='bbox 824 2780 870 2833; x_wconf 89' lang='grc'><strong>331</strong></span> <span class='ocrx_word' id='word_1_236' title='bbox 892 2772 967 2834; x_wconf 91' lang='lat' dir='ltr'>liber</span> <span class='ocrx_word' id='word_1_237' title='bbox 989 2773 1025 2834; x_wconf 94' lang='lat' dir='ltr'><strong>Vl</strong></span> <span class='ocrx_word' id='word_1_238' title='bbox 1048 2792 1126 2834; x_wconf 93' lang='lat' dir='ltr'>anno</span> <span class='ocrx_word' id='word_1_239' title='bbox 1149 2771 1210 2835; x_wconf 83' lang='lat'><strong>731</strong></span> <span class='ocrx_word' id='word_1_240' title='bbox 1233 2771 1366 2843; x_wconf 85' lang='grc'><strong>131732,</strong></span> 
     </span>
     <span class='ocr_line' id='line_1_26' title="bbox 236 2872 1368 2952; baseline 0.004 -20"><span class='ocrx_word' id='word_1_241' title='bbox 236 2872 309 2934; x_wconf 84' lang='lat' dir='ltr'>Ciris</span> <span class='ocrx_word' id='word_1_242' title='bbox 331 2879 428 2952; x_wconf 91' lang='grc'><strong>331331</strong></span> <span class='ocrx_word' id='word_1_243' title='bbox 450 2874 558 2951; x_wconf 88' lang='grc'><strong>3311313</strong></span> <span class='ocrx_word' id='word_1_244' title='bbox 582 2891 653 2942; x_wconf 91' lang='lat' dir='ltr'>esse,</span> <span class='ocrx_word' id='word_1_245' title='bbox 678 2891 744 2932; x_wconf 90' lang='lat' dir='ltr'><strong>cum</strong></span> <span class='ocrx_word' id='word_1_246' title='bbox 761 2873 904 2934; x_wconf 84' lang='lat' dir='ltr'>Corvinus</span> <span class='ocrx_word' id='word_1_247' title='bbox 926 2874 975 2934; x_wconf 90' lang='lat' dir='ltr'>ille</span> <span class='ocrx_word' id='word_1_248' title='bbox 998 2875 1159 2935; x_wconf 86' lang='lat' dir='ltr'>iuventutis</span> <span class='ocrx_word' id='word_1_249' title='bbox 1182 2876 1256 2935; x_wconf 86' lang='lat' dir='ltr'>lines</span> <span class='ocrx_word' id='word_1_250' title='bbox 1279 2881 1368 2936; x_wconf 88' lang='grc'><strong>11333-</strong></span> 
     </span>
     <span class='ocr_line' id='line_1_27' title="bbox 235 2974 1370 3054; baseline -0.002 -18"><span class='ocrx_word' id='word_1_251' title='bbox 235 2994 356 3053; x_wconf 88' lang='lat' dir='ltr'>gressus</span> <span class='ocrx_word' id='word_1_252' title='bbox 379 2982 466 3035; x_wconf 89' lang='lat' dir='ltr'>esset.</span> <span class='ocrx_word' id='word_1_253' title='bbox 511 2976 569 3034; x_wconf 89' lang='lat' dir='ltr'><strong>iam</strong></span> <span class='ocrx_word' id='word_1_254' title='bbox 593 2976 672 3053; x_wconf 92' lang='lat' dir='ltr'>optio</span> <span class='ocrx_word' id='word_1_255' title='bbox 688 2974 753 3035; x_wconf 89' lang='lat' dir='ltr'>data</span> <span class='ocrx_word' id='word_1_256' title='bbox 775 2983 819 3035; x_wconf 90' lang='lat' dir='ltr'><strong>est</strong></span> <span class='ocrx_word' id='word_1_257' title='bbox 834 2977 894 3035; x_wconf 87' lang='grc'><strong>3113</strong></span> <span class='ocrx_word' id='word_1_258' title='bbox 913 2975 1003 3036; x_wconf 83' lang='lat' dir='ltr'>lilium</span> <span class='ocrx_word' id='word_1_259' title='bbox 1019 2975 1107 3045; x_wconf 90' lang='lat' dir='ltr'>illius,</span> <span class='ocrx_word' id='word_1_260' title='bbox 1130 2977 1161 3035; x_wconf 90' lang='lat' dir='ltr'><strong>in</strong></span> <span class='ocrx_word' id='word_1_261' title='bbox 1178 2992 1237 3051; x_wconf 93' lang='lat' dir='ltr'><strong>quo</strong></span> <span class='ocrx_word' id='word_1_262' title='bbox 1260 2977 1370 3054; x_wconf 78' lang='lat' dir='ltr'>‘imago</span> 
     </span>
     <span class='ocr_line' id='line_1_28' title="bbox 235 3072 1378 3160; baseline -0.001 -23"><span class='ocrx_word' id='word_1_263' title='bbox 235 3084 376 3156; x_wconf 90' lang='grc'><strong>33131333</strong></span> <span class='ocrx_word' id='word_1_264' title='bbox 403 3074 574 3135; x_wconf 82' lang='lat' dir='ltr'>lacunrliae&#39;</span> <span class='ocrx_word' id='word_1_265' title='bbox 599 3074 676 3151; x_wconf 86' lang='lat' dir='ltr'>(Tac.</span> <span class='ocrx_word' id='word_1_266' title='bbox 702 3093 768 3135; x_wconf 90' lang='lat' dir='ltr'>ann.</span> <span class='ocrx_word' id='word_1_267' title='bbox 787 3074 825 3135; x_wconf 98' lang='lat' dir='ltr'><strong>lll</strong></span> <span class='ocrx_word' id='word_1_268' title='bbox 847 3073 890 3137; x_wconf 83' lang='lat'><strong>34</strong></span> <span class='ocrx_word' id='word_1_269' title='bbox 911 3077 947 3136; x_wconf 87' lang='grc'><strong>31.</strong></span> <span class='ocrx_word' id='word_1_270' title='bbox 965 3076 1058 3136; x_wconf 86' lang='lat' dir='ltr'>Ovidii</span> <span class='ocrx_word' id='word_1_271' title='bbox 1082 3095 1118 3137; x_wconf 82' lang='grc'><strong>31</strong></span> <span class='ocrx_word' id='word_1_272' title='bbox 1140 3077 1235 3137; x_wconf 89' lang='lat' dir='ltr'>Ponto</span> <span class='ocrx_word' id='word_1_273' title='bbox 1258 3072 1378 3160; x_wconf 81' lang='grc'><strong>111251-</strong></span> 
     </span>
     <span class='ocr_line' id='line_1_29' title="bbox 236 3175 1372 3257; baseline 0 -19"><span class='ocrx_word' id='word_1_274' title='bbox 236 3179 310 3257; x_wconf 85' lang='lat' dir='ltr'>sqq.)</span> <span class='ocrx_word' id='word_1_275' title='bbox 335 3184 407 3247; x_wconf 87' lang='lat' dir='ltr'>erat,</span> <span class='ocrx_word' id='word_1_276' title='bbox 424 3178 460 3237; x_wconf 95' lang='lat' dir='ltr'><strong>M.</strong></span> <span class='ocrx_word' id='word_1_277' title='bbox 477 3175 626 3236; x_wconf 89' lang='lat' dir='ltr'>Valerium</span> <span class='ocrx_word' id='word_1_278' title='bbox 641 3175 813 3247; x_wconf 90' lang='lat' dir='ltr'>Messallam,</span> <span class='ocrx_word' id='word_1_279' title='bbox 837 3178 887 3256; x_wconf 91' lang='lat' dir='ltr'><strong>qui</strong></span> <span class='ocrx_word' id='word_1_280' title='bbox 903 3176 1087 3239; x_wconf 89' lang='lat' dir='ltr'>Messallinus</span> <span class='ocrx_word' id='word_1_281' title='bbox 1111 3177 1278 3248; x_wconf 90' lang='lat' dir='ltr'>vocabatur,</span> <span class='ocrx_word' id='word_1_282' title='bbox 1302 3197 1372 3238; x_wconf 90' lang='lat' dir='ltr'>con·</span> 
     </span>
     <span class='ocr_line' id='line_1_30' title="bbox 235 3275 1374 3359; baseline -0.002 -20"><span class='ocrx_word' id='word_1_283' title='bbox 235 3278 327 3339; x_wconf 89' lang='lat' dir='ltr'>sulem</span> <span class='ocrx_word' id='word_1_284' title='bbox 357 3279 424 3338; x_wconf 90' lang='lat' dir='ltr'>anni</span> <span class='ocrx_word' id='word_1_285' title='bbox 449 3275 524 3348; x_wconf 79' lang='lat'>751,</span> <span class='ocrx_word' id='word_1_286' title='bbox 556 3279 683 3338; x_wconf 90' lang='lat' dir='ltr'>amicum</span> <span class='ocrx_word' id='word_1_287' title='bbox 706 3276 799 3337; x_wconf 84' lang='lat' dir='ltr'>Ovidii</span> <span class='ocrx_word' id='word_1_288' title='bbox 830 3276 1078 3357; x_wconf 83' lang='grc' dir='ltr'><strong>(31Ρ331317.</strong></span> <span class='ocrx_word' id='word_1_289' title='bbox 1104 3276 1179 3359; x_wconf 90' lang='grc'><strong>112)</strong></span> <span class='ocrx_word' id='word_1_290' title='bbox 1210 3279 1374 3340; x_wconf 84' lang='grc'><strong>13311313-</strong></span> 
     </span>
     <span class='ocr_line' id='line_1_31' title="bbox 236 3377 1373 3461; baseline 0.002 -23"><span class='ocrx_word' id='word_1_291' title='bbox 236 3379 377 3459; x_wconf 87' lang='lat' dir='ltr'>tellegere</span> <span class='ocrx_word' id='word_1_292' title='bbox 399 3380 459 3439; x_wconf 88' lang='lat' dir='ltr'>sive</span> <span class='ocrx_word' id='word_1_293' title='bbox 481 3387 619 3458; x_wconf 88' lang='lat' dir='ltr'>nepotem</span> <span class='ocrx_word' id='word_1_294' title='bbox 637 3379 674 3438; x_wconf 87' lang='lat' dir='ltr'><strong>M.</strong></span> <span class='ocrx_word' id='word_1_295' title='bbox 691 3377 838 3439; x_wconf 89' lang='lat' dir='ltr'>Valerium</span> <span class='ocrx_word' id='word_1_296' title='bbox 855 3379 1018 3441; x_wconf 90' lang='lat' dir='ltr'>Messallam</span> <span class='ocrx_word' id='word_1_297' title='bbox 1035 3399 1095 3442; x_wconf 94' lang='lat' dir='ltr'>cos.</span> <span class='ocrx_word' id='word_1_298' title='bbox 1114 3378 1284 3461; x_wconf 90' lang='grc'><strong>3331203.</strong></span> <span class='ocrx_word' id='word_1_299' title='bbox 1302 3379 1373 3442; x_wconf 86' lang='lat' dir='ltr'>Chr.</span> 
     </span>
     <span class='ocr_line' id='line_1_32' title="bbox 237 3477 1373 3564; baseline -0.002 -22"><span class='ocrx_word' id='word_1_300' title='bbox 237 3482 315 3561; x_wconf 85' lang='grc'><strong>(733.</strong></span> <span class='ocrx_word' id='word_1_301' title='bbox 332 3499 399 3541; x_wconf 90' lang='grc'><strong>333.</strong></span> <span class='ocrx_word' id='word_1_302' title='bbox 416 3477 500 3558; x_wconf 90' lang='grc'><strong>1112)</strong></span> <span class='ocrx_word' id='word_1_303' title='bbox 518 3481 582 3564; x_wconf 86' lang='grc'><strong>3113</strong></span> <span class='ocrx_word' id='word_1_304' title='bbox 600 3479 777 3558; x_wconf 86' lang='lat' dir='ltr'>abnepotem</span> <span class='ocrx_word' id='word_1_305' title='bbox 800 3482 1019 3559; x_wconf 89' lang='lat' dir='ltr'>cognominem,</span> <span class='ocrx_word' id='word_1_306' title='bbox 1043 3484 1093 3559; x_wconf 91' lang='lat' dir='ltr'><strong>qui</strong></span> <span class='ocrx_word' id='word_1_307' title='bbox 1109 3501 1185 3543; x_wconf 92' lang='grc'><strong>3333</strong></span> <span class='ocrx_word' id='word_1_308' title='bbox 1201 3478 1242 3543; x_wconf 87' lang='lat'><strong>58</strong></span> <span class='ocrx_word' id='word_1_309' title='bbox 1258 3501 1287 3561; x_wconf 90' lang='lat' dir='ltr'><strong>p.</strong></span> <span class='ocrx_word' id='word_1_310' title='bbox 1304 3479 1373 3542; x_wconf 81' lang='lat' dir='ltr'>Chr.</span> 
     </span>
     <span class='ocr_line' id='line_1_33' title="bbox 235 3580 1373 3662; baseline -0.001 -19"><span class='ocrx_word' id='word_1_311' title='bbox 235 3583 389 3644; x_wconf 89' lang='lat' dir='ltr'>consulatu</span> <span class='ocrx_word' id='word_1_312' title='bbox 404 3599 471 3642; x_wconf 90' lang='lat' dir='ltr'><strong>cum</strong></span> <span class='ocrx_word' id='word_1_313' title='bbox 483 3581 606 3641; x_wconf 74' lang='lat' dir='ltr'>&#39;Nerone</span> <span class='ocrx_word' id='word_1_314' title='bbox 622 3581 741 3642; x_wconf 85' lang='lat' dir='ltr'>iunctus</span> <span class='ocrx_word' id='word_1_315' title='bbox 758 3589 801 3658; x_wconf 84' lang='grc'><strong>331</strong></span> <span class='ocrx_word' id='word_1_316' title='bbox 820 3582 897 3661; x_wconf 88' lang='lat' dir='ltr'>(Tac.</span> <span class='ocrx_word' id='word_1_317' title='bbox 914 3600 982 3642; x_wconf 92' lang='grc'><strong>333.</strong></span> <span class='ocrx_word' id='word_1_318' title='bbox 999 3582 1065 3643; x_wconf 91' lang='lat' dir='ltr'>Xlll</span> <span class='ocrx_word' id='word_1_319' title='bbox 1081 3580 1142 3662; x_wconf 88' lang='grc'><strong>34).</strong></span> <span class='ocrx_word' id='word_1_320' title='bbox 1177 3583 1373 3660; x_wconf 69' lang='grc'><strong>’3113113131-</strong></span> 
     </span>
     <span class='ocr_line' id='line_1_34' title="bbox 234 3681 1371 3769; baseline -0.004 -24"><span class='ocrx_word' id='word_1_321' title='bbox 234 3684 313 3745; x_wconf 87' lang='lat' dir='ltr'>liana</span> <span class='ocrx_word' id='word_1_322' title='bbox 341 3684 471 3769; x_wconf 88' lang='lat' dir='ltr'>carmina</span> <span class='ocrx_word' id='word_1_323' title='bbox 500 3681 622 3742; x_wconf 89' lang='lat' dir='ltr'>relatam</span> <span class='ocrx_word' id='word_1_324' title='bbox 647 3682 727 3743; x_wconf 85' lang='lat' dir='ltr'>Cirin</span> <span class='ocrx_word' id='word_1_325' title='bbox 750 3683 822 3760; x_wconf 90' lang='lat' dir='ltr'>legit</span> <span class='ocrx_word' id='word_1_326' title='bbox 845 3683 1017 3752; x_wconf 85' lang='lat' dir='ltr'>Suetonius,</span> <span class='ocrx_word' id='word_1_327' title='bbox 1043 3690 1074 3742; x_wconf 91' lang='lat' dir='ltr'>ut</span> <span class='ocrx_word' id='word_1_328' title='bbox 1096 3686 1282 3764; x_wconf 85' lang='grc'><strong>3111333331</strong></span> <span class='ocrx_word' id='word_1_329' title='bbox 1304 3681 1371 3744; x_wconf 85' lang='lat' dir='ltr'>Cbr.</span> 
     </span>
    </p>
   </div>
   <div class='ocr_carea' id='block_1_3' title="bbox 116 3781 1369 3862">
    <p class='ocr_par' dir='ltr' id='par_1_3' title="bbox 116 3781 1369 3862">
     <span class='ocr_line' id='line_1_35' title="bbox 116 3781 1369 3862; baseline -0.002 -15"><span class='ocrx_word' id='word_1_330' title='bbox 116 3790 119 3794; x_wconf 85' lang='grc'><strong><em>’</em></strong></span> <span class='ocrx_word' id='word_1_331' title='bbox 235 3784 352 3847; x_wconf 85' lang='grc'><strong>3333313</strong></span> <span class='ocrx_word' id='word_1_332' title='bbox 374 3785 524 3846; x_wconf 88' lang='lat' dir='ltr'>recentior</span> <span class='ocrx_word' id='word_1_333' title='bbox 547 3792 649 3844; x_wconf 89' lang='lat' dir='ltr'>auctor</span> <span class='ocrx_word' id='word_1_334' title='bbox 672 3781 776 3845; x_wconf 89' lang='lat' dir='ltr'>baberi</span> <span class='ocrx_word' id='word_1_335' title='bbox 798 3802 858 3844; x_wconf 92' lang='lat' dir='ltr'><strong>non</strong></span> <span class='ocrx_word' id='word_1_336' title='bbox 873 3786 974 3861; x_wconf 91' lang='lat' dir='ltr'>possit,</span> <span class='ocrx_word' id='word_1_337' title='bbox 998 3801 1124 3862; x_wconf 92' lang='lat' dir='ltr'>cumque</span> <span class='ocrx_word' id='word_1_338' title='bbox 1139 3786 1271 3847; x_wconf 81' lang='lat' dir='ltr'>metricis</span> <span class='ocrx_word' id='word_1_339' title='bbox 1287 3785 1369 3845; x_wconf 91' lang='lat' dir='ltr'>etiam</span> 
     </span>
    </p>
   </div>
   <div class='ocr_carea' id='block_1_4' title="bbox 233 3881 1383 4373">
    <p class='ocr_par' dir='ltr' id='par_1_4' title="bbox 233 3881 1383 4373">
     <span class='ocr_line' id='line_1_36' title="bbox 234 3881 1370 3965; baseline -0.004 -18"><span class='ocrx_word' id='word_1_340' title='bbox 234 3888 266 3948; x_wconf 91' lang='lat' dir='ltr'><strong>L.</strong></span> <span class='ocrx_word' id='word_1_341' title='bbox 284 3881 539 3964; x_wconf 77' lang='grc' dir='ltr'><strong>Μ3311311,(3.42)</strong></span> <span class='ocrx_word' id='word_1_342' title='bbox 557 3883 722 3945; x_wconf 82' lang='grc'><strong>1311331133</strong></span> <span class='ocrx_word' id='word_1_343' title='bbox 744 3884 831 3962; x_wconf 89' lang='lat' dir='ltr'>longe</span> <span class='ocrx_word' id='word_1_344' title='bbox 854 3884 930 3946; x_wconf 86' lang='lat' dir='ltr'>ultra</span> <span class='ocrx_word' id='word_1_345' title='bbox 946 3888 1068 3964; x_wconf 82' lang='lat' dir='ltr'>Augusti</span> <span class='ocrx_word' id='word_1_346' title='bbox 1091 3893 1215 3946; x_wconf 89' lang='lat' dir='ltr'>aetatem</span> <span class='ocrx_word' id='word_1_347' title='bbox 1233 3881 1370 3965; x_wconf 82' lang='lat' dir='ltr'>progredi</span> 
     </span>
     <span class='ocr_line' id='line_1_37' title="bbox 233 3985 1368 4056; baseline -0.002 -8"><span class='ocrx_word' id='word_1_348' title='bbox 233 3996 377 4056; x_wconf 88' lang='lat' dir='ltr'>vetemur,</span> <span class='ocrx_word' id='word_1_349' title='bbox 399 3985 565 4047; x_wconf 89' lang='lat' dir='ltr'>Messallino</span> <span class='ocrx_word' id='word_1_350' title='bbox 587 4004 706 4046; x_wconf 89' lang='lat' dir='ltr'>carmen</span> <span class='ocrx_word' id='word_1_351' title='bbox 722 3985 887 4047; x_wconf 89' lang='lat' dir='ltr'>dedicatum</span> <span class='ocrx_word' id='word_1_352' title='bbox 912 4006 975 4047; x_wconf 89' lang='lat' dir='ltr'>esse</span> <span class='ocrx_word' id='word_1_353' title='bbox 999 3989 1168 4048; x_wconf 87' lang='lat' dir='ltr'>coniectura</span> <span class='ocrx_word' id='word_1_354' title='bbox 1185 3985 1322 4048; x_wconf 80' lang='lat' dir='ltr'>Teuffelii</span> <span class='ocrx_word' id='word_1_355' title='bbox 1342 3989 1368 4047; x_wconf 92' lang='lat' dir='ltr'><strong>in</strong></span> 
     </span>
     <span class='ocr_line' id='line_1_38' title="bbox 233 4078 1383 4168; baseline -0.002 -18"><span class='ocrx_word' id='word_1_356' title='bbox 233 4090 317 4151; x_wconf 88' lang='lat' dir='ltr'>Pauli</span> <span class='ocrx_word' id='word_1_357' title='bbox 333 4087 443 4167; x_wconf 83' lang='lat' dir='ltr'>encycl.</span> <span class='ocrx_word' id='word_1_358' title='bbox 458 4083 581 4167; x_wconf 82' lang='grc'><strong>32657</strong></span> <span class='ocrx_word' id='word_1_359' title='bbox 597 4085 711 4166; x_wconf 88' lang='grc'><strong>3131313</strong></span> <span class='ocrx_word' id='word_1_360' title='bbox 727 4106 798 4167; x_wconf 91' lang='grc'><strong>3133</strong></span> <span class='ocrx_word' id='word_1_361' title='bbox 815 4089 921 4149; x_wconf 90' lang='grc'><strong>3313113</strong></span> <span class='ocrx_word' id='word_1_362' title='bbox 937 4087 1041 4168; x_wconf 88' lang='grc'><strong>313331.</strong></span> <span class='ocrx_word' id='word_1_363' title='bbox 1067 4091 1116 4165; x_wconf 94' lang='lat' dir='ltr'><strong>qui</strong></span> <span class='ocrx_word' id='word_1_364' title='bbox 1133 4108 1199 4149; x_wconf 93' lang='lat' dir='ltr'><strong>cum</strong></span> <span class='ocrx_word' id='word_1_365' title='bbox 1217 4107 1296 4149; x_wconf 92' lang='lat' dir='ltr'>anno</span> <span class='ocrx_word' id='word_1_366' title='bbox 1313 4078 1383 4150; x_wconf 85' lang='grc'><strong>727</strong></span> 
     </span>
     <span class='ocr_line' id='line_1_39' title="bbox 234 4187 1369 4275; baseline -0.002 -23"><span class='ocrx_word' id='word_1_367' title='bbox 234 4208 309 4270; x_wconf 86' lang='grc'><strong>3331</strong></span> <span class='ocrx_word' id='word_1_368' title='bbox 331 4191 420 4251; x_wconf 90' lang='grc'><strong>131333</strong></span> <span class='ocrx_word' id='word_1_369' title='bbox 443 4188 576 4248; x_wconf 88' lang='lat' dir='ltr'>videatur</span> <span class='ocrx_word' id='word_1_370' title='bbox 592 4187 736 4267; x_wconf 87' lang='lat' dir='ltr'>(Tibullus</span> <span class='ocrx_word' id='word_1_371' title='bbox 759 4189 835 4250; x_wconf 90' lang='lat' dir='ltr'>enim</span> <span class='ocrx_word' id='word_1_372' title='bbox 859 4192 889 4249; x_wconf 91' lang='grc'><strong>13</strong></span> <span class='ocrx_word' id='word_1_373' title='bbox 913 4188 1004 4267; x_wconf 84' lang='lat' dir='ltr'>elegia</span> <span class='ocrx_word' id='word_1_374' title='bbox 1020 4188 1066 4250; x_wconf 92' lang='grc'><strong>17</strong></span> <span class='ocrx_word' id='word_1_375' title='bbox 1088 4190 1145 4250; x_wconf 91' lang='lat' dir='ltr'><strong>boc</strong></span> <span class='ocrx_word' id='word_1_376' title='bbox 1167 4208 1245 4275; x_wconf 90' lang='lat' dir='ltr'>anno</span> <span class='ocrx_word' id='word_1_377' title='bbox 1265 4191 1369 4270; x_wconf 87' lang='grc'><strong>3311313</strong></span> 
     </span>
     <span class='ocr_line' id='line_1_40' title="bbox 236 4289 1371 4373; baseline -0.001 -20"><span class='ocrx_word' id='word_1_378' title='bbox 236 4310 260 4353; x_wconf 90' lang='grc'><strong>1,</strong></span> <span class='ocrx_word' id='word_1_379' title='bbox 277 4289 319 4353; x_wconf 90' lang='lat'><strong>55</strong></span> <span class='ocrx_word' id='word_1_380' title='bbox 335 4298 416 4372; x_wconf 90' lang='lat' dir='ltr'>optat</span> <span class='ocrx_word' id='word_1_381' title='bbox 437 4291 515 4371; x_wconf 89' lang='lat' dir='ltr'>patri</span> <span class='ocrx_word' id='word_1_382' title='bbox 538 4297 571 4349; x_wconf 94' lang='lat' dir='ltr'>ut</span> <span class='ocrx_word' id='word_1_383' title='bbox 593 4296 778 4351; x_wconf 83' lang='lat' dir='ltr'>‘succrescat</span> <span class='ocrx_word' id='word_1_384' title='bbox 800 4289 908 4369; x_wconf 93' lang='lat' dir='ltr'>proles,</span> <span class='ocrx_word' id='word_1_385' title='bbox 932 4291 1098 4370; x_wconf 80' lang='lat' dir='ltr'>quaefacta</span> <span class='ocrx_word' id='word_1_386' title='bbox 1120 4293 1253 4373; x_wconf 89' lang='lat' dir='ltr'>parentis</span> <span class='ocrx_word' id='word_1_387' title='bbox 1269 4300 1371 4371; x_wconf 88' lang='lat' dir='ltr'>augeat</span> 
     </span>
    </p>
   </div>
   <div class='ocr_carea' id='block_1_5' title="bbox 0 0 1417 4770">
    <p class='ocr_par' dir='ltr' id='par_1_5' title="bbox 0 0 1417 4770">
     <span class='ocr_line' id='line_1_41' title="bbox 0 0 1417 4770; baseline 0 0"><span class='ocrx_word' id='word_1_388' title='bbox 0 0 1417 4770; x_wconf 95' lang='lat' dir='ltr'><strong> </strong></span> 
     </span>
    </p>
   </div>
  </div>
 </body>
</html>
