2820 4770
617 311 718 360 danna*
741 312 761 359 1.
1223 288 1263 361 19

115 480 219 546 licere
246 485 296 546 ‘et
316 483 487 564 quantum¹l
517 488 591 546 milti
611 493 709 546 restat
730 489 774 546 ud
793 487 959 548 culiceml'
991 485 1058 567 (vita
1081 487 1260 547 Suetoniana

118 601 146 661 p.
170 585 215 649 50
237 587 282 666 ll.)
307 587 447 666 gloriatus
470 589 610 648 nimirum
633 606 664 647 se
687 587 837 665 aliquanto
860 598 928 650 ante
950 587 1031 648 illam
1054 595 1180 649 aetatem
1204 608 1260 667 qua

122 689 244 749 culicem
266 690 421 769 scripsisse
436 688 587 748 Maronem
611 696 773 755 constaret,
796 691 938 767 grandius
961 709 993 750 se
1015 710 1091 769 opus
1115 691 1159 751 vel
1177 691 1263 771 plura

128 790 245 851 iortasse
269 791 442 851 coniecisse.
486 809 556 850 num
580 789 686 868 legerit
709 789 834 851 culicem
857 799 1052 868 nostrumque
1074 792 1181 870 legerit
1202 811 1263 853 non

131 890 221 972 liquet.
267 891 319 951 sed
343 892 453 951 Statius
482 909 550 951 cum
572 893 602 951 in
624 892 809 970 genethliaco
832 892 941 953 Lucani
963 902 1079 971 posta.
1103 890 1145 953 90
1167 894 1261 972 scrip-

136 1002 159 1054 to
179 992 249 1073 (silv.
274 992 298 1052 ll
321 991 366 1072 1),
402 992 452 1053 ubi
475 992 590 1070 singula
622 995 685 1053 cius
708 995 839 1053 carmina
863 993 1025 1054 secuudum
1048 1012 1192 1053 annorum
1215 1012 1263 1053 or·

138 1097 220 1157 dinem
244 1101 390 1163 recenset,
416 1096 568 1170 praecocia
584 1096 694 1171 ingenii
710 1102 827 1174 poetam
844 1112 902 1154 non
919 1094 1027 1155 lliacon
1045 1102 1157 1155 tantum
1172 1094 1264 1155 libros

138 1198 248 1258 ‘toneris
270 1195 367 1256 adlruc
390 1196 419 1255 in
442 1197 543 1255 annis'
569 1195 604 1274 (v.
620 1193 670 1275 54)
696 1204 725 1256 et
747 1195 953 1256 catachtlronia
970 1204 999 1256 ct
1021 1195 1123 1256 laudes
1138 1195 1264 1256 Neronis

139 1308 160 1360 et
183 1296 330 1376 Orpheum
361 1303 389 1356 et
416 1297 586 1357 incendium
614 1296 696 1357 urbis
725 1299 795 1357 anni
822 1295 864 1357 64
891 1299 1061 1376 scripsisse,
1095 1297 1146 1356 sed
1175 1298 1262 1358 etiam

139 1407 210 1461 ‘rnox
234 1406 339 1478 coepta
361 1401 585 1476 generosiorem
608 1401 744 1459 iuventa’
769 1399 804 1478 (v.
822 1395 872 1478 64)
896 1398 1064 1459 Pharsalica
1089 1398 1164 1458 bella
1181 1397 1263 1458 delo-

136 1502 245 1569 uarisse,
270 1501 344 1560 lraec
367 1508 464 1560 autem
488 1502 587 1559 omnia
610 1502 723 1578 ‘primo
746 1503 881 1560 iuvenem
906 1499 960 1560 sub
982 1501 1052 1560 aevo
1075 1508 1265 1560 calcaneos

132 1605 226 1664 culicis
249 1603 446 1661 Maroniaai'
477 1599 511 1679 (ν.
536 1597 576 1660 13
599 1599 654 1678 sq.)
679 1602 820 1661 cecinisse
846 1608 972 1661 testetur
995 1610 1095 1680 aperta
1119 1601 1153 1661 ad
1177 1620 1263 1681 prae-

132 1705 263 1766 lationem
287 1701 367 1761 illam
383 1701 500 1762 Lucani
518 1702 686 1771 adlusione,
711 1710 761 1762 aut
783 1701 895 1762 nelarie
917 1704 1058 1761 mentitus
1081 1709 1110 1761 et
1132 1701 1265 1762 adulatus

130 1815 171 1866 est
194 1811 243 1863 aut
266 1823 325 1864 non
348 1803 434 1871 XVl‚·
454 1803 506 1863 sed
529 1803 619 1865 XXVI
640 1822 786 1864 annorum
815 1804 946 1862 iuvenem
976 1803 1079 1862 culicis
1107 1804 1164 1864 lata
1188 1806 1263 1865 ceei-

130 1910 202 1969 nisse
224 1913 394 1983 acceperat:
420 1912 449 1963 et
471 1904 555 1964 video
579 1905 767 1965 Franciscum
791 1904 940 1964 (ludinum
964 1923 1082 1983 quoque
1105 1924 1263 1965 numerum

131 2007 200 2087 apud
223 2007 366 2066 Donatum
398 2005 502 2065 eodem
532 2005 620 2065 modo
650 2006 801 2064 emendari
830 2004 966 2065 voluisse.
1012 2015 1040 2065 at
1063 2005 1142 2065 lume
1165 2009 1264 2084 pueri·

132 2112 184 2170 lem
204 2116 328 2167 aetatem
352 2107 551 2183 designavisse
568 2107 661 2169 Focas
683 2105 798 2184 probat,
823 2109 873 2183 qui
889 2107 992 2167 culicis
1007 2109 1180 2167 memoriam
1197 2115 1264 2168 ante

134 2211 238 2272 Sironis
260 2208 445 2293 disciplinam
468 2216 498 2268 et
518 2209 645 2286 primam
668 2207 865 2268 adulescentis
888 2210 918 2267 in
939 2207 1044 2267 urbem
1059 2210 1263 2287 migrationem

137 2311 256 2372 inseruit.
302 2308 427 2369 alterum
448 2308 540 2382 Statii,
565 2328 624 2387 quo
647 2308 754 2386 legisse
776 2327 808 2368 se
831 2308 955 2368 culicem
978 2311 1142 2386 profitetur,
1167 2311 1263 2370 locum

144 2431 167 2472 er
191 2412 370 2489 praelatione
399 2409 434 2468 ad
464 2409 602 2470 silvarum
633 2408 739 2469 librum
762 2409 775 2468 l
798 2427 885 2488 supra
910 2412 1130 2488 exscripsimus.
1176 2419 1263 2488 atque

144 2523 167 2572 ut
192 2513 235 2571 lrlc
263 2529 332 2572 cum
363 2511 688 2590 batrachomyomaelria
716 2500 855 2571 Homeri*
871 2510 996 2570 culicem
1030 2514 1195 2589 coraposuit
1223 2515 1262 2573 ita

148 2612 262 2674 llartialis
289 2619 356 2690 post
384 2611 441 2671 duo
464 2613 690 2689 epigrammata,
721 2627 846 2687 quorum
869 2612 968 2690 priore
991 2611 1263 2691 batraclromyoma·

149 2711 304 2792 (1114(11111
329 2708 415 2790 183),
445 2709 537 2772 altero
562 2708 643 2790 (184)
672 2710 769 2771 lliadis
792 2719 821 2771 et
844 2711 991 2791 Odysseae
1014 2713 1164 2792 exemplar
1186 2715 1262 2774 indi·

151 2823 189 2882 cat,
208 2812 327 2873 culicem
351 2812 397 2871 his
420 2808 501 2890 (185)

276 2969 368 3042 accipe
391 2968 498 3024 laeumli
522 2967 648 3031 culicem,
672 2968 810 3032 studiose,
834 2969 960 3031 llaronis,

328 3070 362 3108 ne
384 3051 500 3108 nueilms
522 3055 620 3125 positis
643 3071 715 3108 arura
737 3055 878 3127 virumque
901 3054 984 3126 legas.

153 3228 174 3279 et
190 3219 317 3297 deinceps
333 3215 415 3299 (186)
438 3221 490 3279 tria
515 3221 621 3297 opinor
644 3217 765 3296 Vergilii
788 3237 877 3297 opera
900 3237 959 3278 uno
983 3218 1131 3279 volumine
1153 3221 1264 3282 inclusa

115 3335 118 3344 ·
153 3320 186 3379 his
205 3320 353 3380 describit:

291 3475 370 3532 quam
396 3458 484 3515 brevis
505 3461 663 3515 immensum
688 3460 760 3531 cepit
783 3458 936 3515 membrana
958 3457 1106 3515 Maronem!

328 3545 416 3618 ipsius
439 3543 528 3600 voltus
552 3545 637 3616 prima
662 3541 758 3599 tabella
782 3545 862 3617 gerit.

158 3709 237 3787 quibus
258 3709 399 3771 docemur
422 3711 582 3787 separatim
606 3728 622 3768 a
644 3707 787 3769 bucolicis
810 3710 957 3786 georgicis
974 3715 1002 3767 et
1017 3707 1147 3769 Aeneide
1164 3709 1266 3770 culicis

115 3826 135 3863 a
160 3809 306 3890 exmplaria
328 3810 532 3872 Saturnalibus
555 3813 624 3870 anni
646 3807 687 3871 90
710 3809 754 3870 vel
776 3807 816 3869 91
840 3809 885 3869 vel
904 3806 945 3870 92
961 3809 1007 3889 (eo
1031 3812 1110 3869 enim
1134 3819 1266 3889 tempore

115 3912 132 3959 't
161 3909 272 3973 llartialis
297 3911 405 3973 librum
428 3910 492 3972 XlV
520 3914 662 3991 scriptum
693 3930 757 3972 esse
786 3911 886 3971 docuit
908 3910 1164 3990 Friedlaenderus)
1193 3913 1266 3971 laeta

123 4230 139 4253 ,Ι
217 4178 234 4244 ¹)
249 4189 384 4247 acquantum
402 4180 495 4243 estitit
513 4180 559 4244 qui
578 4180 718 4230 emendari
736 4196 823 4245 nuper
836 4180 945 4231 iuberet
961 4181 990 4229 in
1009 4195 1071 4230 ann.
1084 4178 1187 4244 philoll.
1202 4179 1268 4229 1866

166 4264 252 4329 patu
270 4266 381 4316 lomense
403 4269 493 4324 recte,
520 4263 569 4314 sed
590 4266 778 4314 necessarium
796 4280 855 4314 esse
875 4280 955 4328 nego.
990 4278 1097 4328 prosam
1117 4263 1268 4312 orationem

125 4328 138 4363 ‘l
167 4358 225 4411 cese,
240 4362 281 4397 nou
296 4364 421 4401 versuum
441 4347 558 4398 frustula
578 4348 690 4398 facilius
710 4348 801 4400 eredo.

126 4532 153 4722 l

995 4429 1040 4491 2*
