2820 4770
129 224 171 289 56
518 232 521 237 ’
576 241 829 285 euonseouuuou

130 389 132 393 Ι
192 413 317 474 llestat
344 421 375 472 ut
402 412 555 490 promittat
584 411 757 471 memoriam
788 428 843 470 uec
866 410 978 489 praedii
1000 428 1056 471 uec
1078 408 1188 490 Lydiae
1211 428 1260 471 um

129 533 218 595 quam
239 512 296 574 sibi
318 514 493 573 morituram
517 530 597 582 esse,
621 513 755 591 quamvis
777 528 847 571 rura
869 512 932 589 igni
956 511 999 570 vel
1022 528 1097 588 aqua
1121 509 1260 590 deperdit

129 617 255 687 luerint,
285 614 427 695 quidquid
455 614 492 674 de
513 614 607 693 Lydia
631 613 763 675 futurum
787 613 884 673 luerit.
930 630 963 672 ac
987 611 1024 673 de
1046 612 1136 692 Lydia
1159 611 1260 672 intelle

130 717 243 797 gendos
278 735 343 776 esse
378 733 402 776 v.
428 711 574 776 97-101
608 714 678 774 inde
706 724 828 795 apparet
856 713 934 791 quod
965 714 1078 783 omnia,
1108 714 1162 782 ait,
1193 715 1260 793 priu

130 819 227 879 lutura
245 823 340 887 erunt,
364 821 471 896 ‘quam
489 824 537 877 tua
553 816 590 876 de
607 818 717 878 nostris
733 818 858 894 emigret
872 833 951 878 curu
967 814 1121 877 medullis'
1140 815 1174 894 (v.
1194 812 1260 893 101]

130 939 198 981 nam
220 937 327 982 curam
350 917 438 996 agelli
460 920 511 998 qui
533 918 644 978 babere
667 926 797 997 poterat,
829 937 918 997 quem
940 919 1004 997 ipse
1028 916 1112 978 malis
1136 915 1260 977 omnibu

132 1021 299 1083 tradidisset
321 1028 350 1081 et
378 1019 509 1083 funditus
537 1018 722 1098 pessumdari
753 1018 908 1079 voluisset?
945 1027 1048 1080 contra
1077 1037 1154 1096 quae
1176 1019 1260 1078 statii

131 1125 162 1184 in
185 1124 325 1184 extremis
347 1119 535 1182 subiciuntur
558 1141 583 1180 v.
612 1117 671 1181 102
693 1139 738 1204 sq.
999 1129 1002 1133 '

284 1261 406 1334 quamvis
429 1262 502 1333 ignis
525 1262 588 1324 oris,
612 1261 733 1334 quamvis
756 1277 834 1334 aqua,
859 1276 967 1334 semper
990 1258 1101 1316 amabo:

285 1345 383 1419 gaudia
407 1361 514 1419 semper
537 1345 607 1400 cuim
632 1354 677 1401 tua
700 1362 742 1401 me
766 1346 921 1402 meminisse
944 1343 1037 1401 licebit

133 1479 237 1539 merito
262 1477 449 1538 Hermannus
479 1475 603 1536 ridicula
627 1477 690 1536 lore
712 1477 865 1547 iudicavit,
894 1475 979 1537 side
1003 1475 1099 1554 puella
1121 1474 1260 1554 intellegat

133 1585 245 1647 rentur,
269 1580 359 1639 immo
384 1576 475 1643 multo
498 1579 596 1656 aptius
619 1578 656 1638 de
679 1597 751 1657 agro
775 1579 843 1640 dici.
880 1597 968 1658 quam
991 1579 1135 1640 rationem
1159 1585 1260 1641 secuti

134 1678 314 1741 Goebbclius
335 1699 364 1759 p.
388 1677 408 1740 5
436 1678 570 1739 adiunxit
599 1681 653 1740 bos
681 1679 755 1741 duos
784 1681 947 1742 versiculos
970 1679 1005 1741 ad
1030 1699 1054 1740 v.
1079 1675 1136 1748 90,
1167 1678 1220 1739 ubi
1242 1702 1258 1744 a

133 1782 347 1842 sententiarum
371 1788 506 1841 tenorem
529 1782 600 1841 satis
622 1780 699 1841 bene
722 1781 877 1861 quadrant.

188 1945 190 1948 ,
218 1881 275 1942 Sed
304 1880 339 1942 ad
362 1879 482 1959 Lydiam
510 1899 586 1959 quae
614 1888 749 1961 spectant
771 1882 873 1943 mutila
898 1902 962 1943 esse
987 1901 1021 1942 eo
1044 1901 1163 1962 quoque
1187 1890 1260 1949 versi·

134 1982 201 2045 culo
225 1983 454 2054 demonstratur,
478 1983 618 2062 quicum
643 2002 678 2042 ex
700 1982 837 2044 omnibus
860 1983 1050 2044 difficillimus
1072 1985 1126 2054 sit,
1150 1985 1260 2065 simplic

134 2105 168 2146 ac
192 2083 339 2164 probabili
361 2083 486 2144 artificio
509 2082 589 2144 nullo
612 2084 647 2144 ad
672 2083 819 2163 reliquum
844 2092 956 2149 textum
979 2085 1095 2146 videtur
1110 2104 1257 2150 accommo

135 2186 199 2247 dari
221 2204 308 2266 posse
331 2204 356 2245 v.
380 2181 421 2246 96
465 2268 467 2273 .
606 2197 608 2201 '

337 2307 392 2362 sive
415 2309 468 2362 eris
491 2315 518 2363 et
542 2309 564 2364 si
588 2324 641 2364 non
665 2324 770 2364 mecum
793 2311 918 2366 morieris
942 2317 1098 2383 utrumque.

135 2457 225 2518 quem
249 2445 281 2498 ut
303 2437 400 2517 aliquo
424 2437 511 2498 modo
535 2438 696 2518 explicaret
711 2439 840 2501 Naelrius
864 2440 1014 2519 Scaligero
1037 2441 1113 2502 duce
1133 2441 1260 2520 singular

135 2539 278 2601 brevitate
300 2557 386 2599 usum
411 2557 475 2599 esse
498 2547 615 2618 poetam
638 2542 749 2610 statuit,
774 2543 951 2603 sententiam
974 2549 1071 2603 autem
1095 2542 1187 2603 talem
1209 2562 1260 2624 pro

135 2641 245 2721 posuit:
270 2642 347 2701 ‘stoc
367 2643 438 2714 cris,
464 2658 582 2700 mecum
606 2643 673 2715 eris,
698 2640 767 2702 lieet
789 2642 911 2712 absens;
935 2648 1079 2705 stoeben
1101 2648 1172 2720 eris,
1197 2645 1226 2704 b.
1252 2667 1260 2704 r

117 2744 195 2805 ‘sive
217 2750 333 2802 mortua
356 2742 431 2810 eriS,
454 2759 568 2802 meeum
590 2746 744 2803 morieris:
771 2743 800 2803 id
825 2751 870 2804 est
893 2762 951 2804 non
975 2747 1034 2805 eris
1057 2753 1174 2807 mortua
1197 2754 1260 2807 aute

136 2861 223 2920 quam
254 2859 309 2920 ego
332 2842 479 2909 moriar;'
509 2840 552 2901 vel
583 2847 760 2920 ‘utrumque
782 2846 844 2904 viva
868 2856 897 2905 et
920 2856 1032 2907 mortua
1057 2865 1175 2908 mecum
1198 2849 1260 2908 eris

137 2960 314 3021 quamquam
338 2944 472 3023 opposita
498 2944 576 3004 inter
598 2962 629 3004 se
659 2948 737 3005 ‘sive
762 2979 795 2987 -
821 2954 851 3007 et
872 2950 914 3007 si'
943 2948 1009 3026 ipse
1031 2948 1140 3009 latetur
1164 2967 1196 3009 se
1220 2968 1257 3010 no

136 3044 248 3105 babere
281 3060 338 3120 (luo
369 3042 504 3123 exemplo
533 3045 716 3123 comprobet.
763 3065 819 3106 nec
848 3046 1051 3126 exemplorum
1080 3049 1240 3111 admodum

136 3152 237 3206 nostro
260 3143 425 3206 alienorum
448 3145 527 3206 nube
549 3146 620 3206 mibi
642 3149 790 3226 persuasit
811 3155 970 3225 utrumque
992 3152 1034 3210 sic
1055 3151 1085 3209 in
1101 3150 1168 3212 talis
1184 3171 1260 3220 euuu

137 3247 197 3306 tiati
231 3247 288 3307 line
323 3247 449 3324 positum
482 3246 527 3306 vel
556 3245 675 3308 tolerari
704 3267 799 3327 posse.
846 3268 883 3310 ne
912 3269 1047 3311 moneam
1078 3253 1260 3333 quodquivi

137 3348 226 3410 sentit
259 3336 436 3408 sententiam
467 3349 562 3427 ipsam
597 3349 667 3409 satis
696 3350 813 3409 inanem
846 3360 933 3426 atque
961 3352 1090 3431 ineptam
1120 3372 1200 3414 esse:
1235 3356 1260 3414 iu

137 3455 236 3527 eptum
261 3449 339 3507 enim
362 3447 429 3507 dico
453 3447 530 3527 quod
553 3455 633 3508 tanta
657 3468 716 3509 non
740 3449 898 3520 brevitate,
930 3452 981 3512 sed
1004 3454 1126 3514 infantia
1149 3472 1214 3516 esse
1237 3455 1260 3515 dl

137 3551 213 3609 citur
241 3549 292 3626 qui
319 3566 446 3626 corpore
475 3550 555 3619 vivit,
584 3558 719 3610 mortuus
747 3553 832 3612 ouius
862 3555 1004 3614 memoria
1027 3556 1159 3624 evanuit,
1177 3520 1260 3635 dum

136 3647 332 3709 immortalem
367 3650 453 3710 etiam
486 3655 553 3728 post
586 3668 669 3710 suam
703 3655 991 3737 mortem„oarmine
1018 3654 1145 3715 reddere
1173 3664 1260 3735 poeta

137 3756 209 3811 erat.
252 3749 303 3810 sed
327 3748 416 3810 verba
437 3751 500 3829 ipsa
524 3768 590 3810 cum
614 3753 678 3811 sine
702 3749 759 3812 ulla
782 3761 831 3813 aut
851 3755 993 3828 *varietate
1016 3764 1068 3817 aut
1090 3758 1260 3836 corruptela

136 3850 240 3911 umbra
263 3852 305 3911 sic
328 3858 360 3910 ut
383 3849 468 3927 vulgo
491 3852 628 3911 feruntur
651 3852 681 3911 in
703 3850 789 3913 libris
812 3855 918 3915 tradita
940 3857 999 3916 sint
1028 3856 1095 3922 (nisi
1117 3858 1198 3937 quod
1221 3877 1260 3920 nu

135 3969 203 4014 cum
232 3969 289 4010 om.
318 3950 503 4010 Monacensis
534 3954 596 4026 W),
632 3954 779 4014 mutandis
811 3954 950 4018 litterulis
983 3957 1029 4018 vel
1057 3957 1176 4039 syllabis
1208 3960 1258 4020 nib

136 4052 318 4131 proficimus,
365 4050 495 4111 mutilam
530 4054 707 4114 sententiam
741 4074 806 4116 esse
840 4064 869 4117 et
901 4056 1024 4136 periisse
1053 4059 1213 4138 quaedam,
1248 4080 1260 4121 u

136 4160 217 4213 recte
240 4153 405 4230 suspicatur
421 4150 610 4221 Goebbelius,
634 4154 677 4214 vel
702 4174 737 4216 eo
760 4156 914 4234 probabile
936 4160 977 4227 m,
1001 4159 1079 4241 quod
1103 4161 1181 4222 inter
1205 4161 1260 4222 duo

136 4272 241 4316 versus
262 4249 453 4316 intercalares
469 4248 510 4317 95
532 4264 562 4314 et
583 4251 623 4317 97
645 4255 693 4318 bic
716 4275 792 4318 unus
814 4259 902 4320 modo
926 4259 1088 4323 versiculus
1109 4263 1257 4325 intercedi
