2820 4770
236 274 258 337 4
684 295 936 338 rnouneouauou

240 481 306 522 mus
330 470 477 522 moretum
506 458 630 522 culicem
655 463 744 531 cirin,
775 462 917 538 hahemus
939 437 1067 542 septem,
1098 463 1123 522 si
1144 463 1268 522 Aetnam
1292 480 1380 541 prae·

237 573 328 633 terea,
352 572 418 623 octo
434 562 535 631 libros,
560 580 633 639 quos
649 574 787 624 numerat
808 563 974 624 scholiasta.
1016 572 1044 623 et
1060 563 1161 642 quidni
1176 563 1222 624 his
1240 561 1380 624 omnibus

236 667 267 724 in
290 683 380 725 unum
404 682 511 742 corpus
533 666 661 744 receptis
683 669 851 727 catalecton
874 665 992 726 titulum
1014 668 1039 724 is
1061 667 1111 743 qui
1128 667 1242 744 primus
1260 664 1381 742 collegit

236 765 439 845 inscripserit?
474 767 524 843 qui
553 765 632 845 apud
664 766 809 827 Donatum
844 775 924 827 certe
956 768 987 826 in
1021 768 1112 827 totius'
1146 768 1380 828 enumerationis

236 868 333 927 fronte
362 866 479 945 legitur.
524 867 575 927 sed
605 885 670 927 cum
699 867 824 945 singulis
852 867 937 928 libris
965 874 994 926 et
1021 866 1144 928 inscribi
1173 876 1202 928 et
1229 866 1381 929 subscribi

235 969 344 1030 soleret
372 977 453 1029 certo
476 969 593 1048 quidem
616 987 741 1029 numero
764 968 876 1039 addit0‚·
905 976 967 1029 tum
992 978 1089 1030 autem
1112 976 1144 1029 ut
1166 967 1254 1030 fiebat
1276 969 1379 1047 negle-

235 1073 334 1149 gentia
357 1069 469 1132 librarii
492 1063 600 1132 ceteris
622 1070 695 1131 locis
717 1071 843 1155 omissus
865 1072 912 1139 sit,
937 1072 1033 1130 evenit
1054 1079 1086 1130 ut
1108 1073 1139 1130 in
1162 1073 1273 1132 nostris
1297 1070 1379 1131 codi-

236 1173 321 1234 cibus
343 1175 394 1233 uni
416 1181 531 1234 tautum
555 1174 800 1252 epigrammatum
824 1172 901 1233 libro
919 1171 1039 1232 relictus
1055 1179 1084 1233 et
1106 1173 1230 1232 sortasse
1247 1191 1262 1232 a
1279 1189 1379 1249 gram·

236 1277 349 1335 maticis
372 1293 491 1354 quoque
513 1277 622 1335 cursim
642 1276 850 1353 inscriptiones
867 1293 902 1336 ex
918 1292 1044 1353 corpore
1061 1273 1294 1353 excerpentibus
1309 1273 1380 1335 huic

235 1375 290 1435 soli
312 1395 366 1456 per
389 1379 523 1437 errorem
546 1375 673 1436 tributus
696 1379 742 1436 sit.
1220 1373 1223 1377 ’

318 1475 392 1536 Nam
421 1495 496 1556 quae
524 1495 604 1537 nunc
633 1476 795 1537 catalecton
819 1479 939 1536 nomine
961 1476 1104 1556 appellari
1125 1477 1222 1538 solent
1244 1480 1378 1539 carmina

235 1577 374 1639 hilariora
396 1581 587 1654 prolationes
613 1580 742 1658 antiquis
770 1580 969 1656 grammaticis
992 1578 1139 1639 audivisse
1161 1579 1315 1646 videntur,
1347 1587 1379 1640 ut

235 1682 318 1740 testis
341 1687 385 1741 est
406 1680 564 1741 Diomedes
586 1699 617 1759 p.
633 1677 696 1741 512
717 1680 774 1750 K.,'
787 1682 870 1740 cuius
892 1682 922 1739 iu
945 1680 1000 1740 hac
1021 1688 1105 1760 parte
1128 1688 1281 1742 auctorem
1305 1681 1376 1742 oae-

234 1783 309 1842 sium
338 1781 474 1849 Bassum,
489 1780 631 1863 ¹literanis
659 1780 827 1860 aequalem,
862 1782 953 1841 fuisse
982 1783 1082 1841 statuit
1110 1781 1301 1862 Westphalus
1330 1781 1376 1862 (de

234 1890 297 1943 arte
319 1883 441 1943 metrica
465 1882 645 1942 Graecorum
661 1882 687 1942 ll
708 1880 729 1942 2
749 1901 777 1962 p.
796 1879 835 1943 76
850 1881 937 1961 sqq).
983 1902 1067 1943 usum
1091 1891 1189 1945 autem
1213 1883 1373 1963 Vergilium

211 1987 264 2045 .in
287 1982 509 2064 prolusionibus
532 1985 591 2045 suis
614 1992 708 2044 metro
731 1986 853 2064 priapea
876 1983 955 2063 quod
979 1985 1063 2056 dicit,
1088 1987 1174 2063 quale
1197 1989 1234 2047 sit
1263 1989 1376 2048 ‘incida'

230 2088 370 2162 patalam
399 2088 430 2145 in
456 2102 577 2160 specum
600 2087 814 2162 procumbente
840 2087 984 2165 Priapo',
1019 2089 1069 2166 qui
1096 2088 1258 2149 versiculus
1285 2087 1371 2148 hodie

232 2188 311 2248 inter
334 2184 518 2263 Vergilianae
541 2204 665 2266 poeseos
687 2185 828 2266 reliquias
850 2205 910 2247 non
932 2186 1050 2266 legitur,
1075 2196 1103 2248 et
1126 2188 1217 2250 relata
1241 2191 1301 2251 iam
1323 2188 1369 2250 illo

233 2294 368 2366 tempore
396 2286 431 2346 ad
461 2289 522 2348 eius
544 2289 747 2348 auctoritatem
775 2290 895 2368 priapea
918 2288 1062 2367 quaedam
1084 2289 1204 2368 prohat,
1235 2308 1294 2368 quo
1316 2293 1367 2352 Do·

234 2390 293 2448 nati
316 2387 362 2448 vel
383 2389 516 2448 Suetonii
539 2389 680 2448 et'Servii
703 2391 903 2450 testimonium
928 2390 1144 2468 quodammodo
1168 2393 1365 2474 confirmatur,

234 2495 262 2548 et
284 2488 448 2567 pleniorem
470 2497 540 2549 tuno
563 2488 766 2568 prolusionum
790 2490 921 2569 syllogen
944 2492 1073 2552 extitisse
1089 2511 1175 2571 quam
1192 2512 1270 2572 quae
1285 2494 1365 2555 hodie

233 2590 450 2651 circumfertur.
498 2608 566 2650 nam
591 2593 700 2652 mirum
725 2599 814 2661 esset,
846 2593 871 2651 si
892 2591 1008 2653 laudato
1031 2591 1152 2654 Marone
1174 2595 1249 2656 alius
1272 2598 1365 2657 nescio

232 2693 316 2752 cuius
345 2710 433 2770 quam
462 2690 548 2751 buius
575 2693 669 2771 ipsius
698 2700 802 2772 poetae
824 2692 1002 2753 versiculum
1024 2712 1079 2772 pro
1102 2689 1244 2776 exemplo
1259 2716 1372 2776 ponere.

206 2837 208 2841 .
232 2790 392 2853 maluisset.
437 2811 492 2853 nec
521 2792 733 2854 dubitationem
761 2795 864 2872 peritis
886 2793 1014 2854 movebit
1036 2796 1241 2873 quod·htilius
1264 2799 1373 2860 Fortu-

118 2915 119 2919 *
232 2893 366 2953 natianus
397 2913 425 2972 p.
448 2890 533 2954 2675
561 2900 589 2953 et
616 2893 811 2955 Terentianus
841 2897 959 2958 Maurus
986 2916 1011 2956 v.
1035 2894 1119 2958 2769
1142 2916 1206 2978 sqq.
1235 2901 1383 2979 priapeos

231 2996 358 3054 inveniri
386 2996 416 3054 in
445 2994 565 3073 Vergilii
593 2994 773 3056 hexametris
802 2996 1006 3058 demonstrare
1034 2997 1155 3058 student
1183 2999 1263 3060 nulla
1288 3003 1382 3080 pria-

232 3114 356 3174 peorum
386 3098 519 3174 ipsorum
547 3097 623 3158 iacta
651 3099 811 3158 mentione.
857 3117 923 3158 cunr
947 3101 1025 3159 enim
1049 3099 1182 3161 eiusdem
1206 3101 1385 3182 Westphaii

231 3199 366 3257 acumine
388 3187 515 3266 constet.
536 3197 591 3258 hos
614 3215 730 3277 quoque
754 3217 789 3258 ex
810 3200 903 3261 Caesii
925 3201 1007 3260 bassi
1029 3203 1204 3261 auctoritate
1227 3203 1384 3282 pendere,

230 3299 395 3357 coniunctis
424 3299 542 3359 demum
567 3299 716 3359 Diomedis
738 3299 816 3360 Atilii
838 3299 1010 3361 Terentiani
1039 3300 1111 3361 locis
1135 3302 1204 3378 quid
1228 3306 1259 3363 in
1282 3304 1384 3365 buius

209 3470 213 3477 ι
232 3398 267 3458 de
284 3400 387 3458 metris
408 3398 486 3475 libro
509 3398 648 3460 traditum
673 3393 763 3461 fuerit
784 3399 975 3478 intellegitur,
1001 3403 1050 3481 qui
1074 3410 1103 3462 et
1118 3421 1185 3463 vera
1200 3406 1377 3484 priapeain

229 3497 451 3577 prolusionibus
473 3499 603 3561 Maronis
632 3508 731 3561 extare
758 3502 880 3562 tradidit
908 3505 989 3562 etin
1018 3502 1119 3563 herois
1148 3504 1281 3575 eiusdem
1310 3524 1372 3567 non

229 3601 325 3659 minus
352 3619 440 3678 quam
468 3603 498 3661 in
522 3601 643 3662 Homeri
672 3602 804 3664 versibus
831 3602 987 3664 simulacra
1011 3604 1155 3680 quaedam
1179 3608 1266 3667 metri
1288 3607 1366 3668 iliius

226 3701 352 3779 reperiri
381 3702 537 3762 adnotavit.
582 3710 610 3762 et
637 3702 781 3782 praebent
807 3705 901 3765 nostri
928 3722 1044 3784 quoque
1067 3713 1209 3786 quotquot
1230 3710 1363 3770 innotue-

228 3809 298 3862 runt
320 3801 482 3863 catalecton
506 3820 580 3880 quae
603 3802 689 3880 vulgo
713 3803 899 3882 appellantur
921 3806 1039 3866 codices
1062 3808 1212 3868 BHRXZ
1234 3808 1281 3886 (cl.
1298 3810 1358 3872 Sca·

225 3902 311 3981 ligeri
345 3903 442 3964 adnot.
466 3922 494 3982 p.
521 3899 594 3964 217.
616 3901 688 3982 219)
722 3908 753 3965 in
781 3907 880 3967 fronte
908 3906 976 3968 libri
1005 3909 1060 3968 tria
1089 3910 1210 3988 priapea
1240 3912 1357 3989 quaein

225 4003 390 4064 Burmanni
413 4003 580 4082 anthologia
604 4004 665 4065 Lat.
688 4014 757 4066 sunt
779 4006 815 4067 Vl
837 4004 971 4083 tat-86,
998 4009 1095 4086 (‘vere
1117 4013 1203 4070 rosa'
1229 4030 1254 4072 e.
1280 4032 1308 4092 q.
1330 4031 1356 4084 s,

223 4122 277 4180 ego
307 4103 411 4177 haec„
432 4122 486 4182 ego
517 4113 580 4166 arte
609 4105 752 4168 fabricata
781 4112 910 4170 rustica'
940 4118 968 4170 et
1004 4110 1102 4171 ‘hamc
1132 4130 1201 4190 ego,
1235 4115 1357 4188 iuvene.

228 4204 355 4283 ocum’),
391 4224 516 4285 quorum
547 4209 665 4268 tertium
696 4210 733 4269 ad
762 4210 917 4272 Catulliani
946 4213 1102 4281 carminis,
1136 4215 1218 4273 cuius
1248 4215 1359 4279 initium

225 4305 421 4368 Terentianus
435 4309 555 4370 Maurus
572 4329 595 4369 v.
614 4305 698 4370 2755
714 4327 776 4389 sqq.
794 4314 928 4382 servavit,
953 4312 1119 4393 exemplum
1137 4323 1231 4375 metro
1247 4335 1361 4397 quoque
1407 4355 1410 4398 3
