2820 4770
212 272 254 339 22
440 324 444 333 .
686 290 943 335 rnouueousuon

210 481 328 541 gressus
356 463 410 522 sit?
443 459 523 520 idem
546 459 627 537 quod
655 477 850 520 numerorum
873 459 954 536 leges
978 458 1063 528 alias,
1089 476 1164 535 quae
1188 458 1223 518 ad
1247 455 1363 537 pedum

211 569 480 642 temperamentum
503 568 532 621 et
555 578 694 622 caesuras
716 561 843 622 maxime
866 567 1009 638 spectant,
1032 578 1156 639 prorsus
1174 559 1296 620 easdem
1314 577 1362 618 se·

215 672 300 727 cutus
323 672 366 724 est
388 680 461 741 quas
483 663 514 722 iu
537 661 679 723 bucolicis
701 661 849 740 Vergilius
873 663 920 741 (cl.
944 661 1158 739 llertzbergius
1180 681 1210 741 p.
1234 657 1360 740 8sqq.),

214 766 287 829 alias
309 765 498 845 prosodiacas
521 765 557 826 de
580 764 760 844 synaloepha
783 763 961 825 admittenda
986 772 1015 825 et
1037 783 1113 844 quae
1138 763 1223 826 huius
1242 763 1362 842 generis

215 876 284 929 sunt
306 868 336 927 in
359 885 450 947 parvo
473 866 579 946 epyllio
602 865 771 944 religiosius
794 865 896 943 quales
916 868 1096 944 amagistris
1119 873 1274 945 acceperat
1297 881 1361 924 ser·

215 971 291 1030 vavit
320 985 408 1046 quam
436 970 467 1029 in
496 971 537 1028 eis
566 967 746 1029 carminibus
774 985 848 1046 quae
876 969 1012 1044 graviore
1047 967 1170 1029 consilio
1200 964 1362 1027 elaboravit

214 1070 262 1148 (cl.
286 1077 405 1150 praeter
427 1070 575 1131 Bauerum
597 1069 807 1147 llevtzbergius
830 1088 857 1147 p.
883 1065 923 1129 10
944 1068 1014 1148 sq.),
1046 1067 1120 1129 nibil
1143 1067 1250 1146 probat
1271 1083 1362 1147 quam

186 1172 189 1177 ’
215 1174 431 1251 emancipatum
453 1169 552 1233 schola
575 1178 694 1250 poetam
719 1169 789 1240 sibi,
814 1188 873 1230 non
897 1172 1043 1248 magistris
1066 1172 1217 1249 paruisse,
1241 1175 1363 1231 senten·

214 1276 323 1334 tiarum
352 1280 442 1351 atque
469 1275 612 1333 orationis
639 1275 767 1333 nitorem
795 1271 975 1350 praetulisse
1003 1271 1181 1333 mollitudini
1204 1265 1367 1346 vocalium,

214 1375 342 1452 denique
369 1383 404 1435 ut
430 1375 462 1434 lit
494 1373 612 1435 labente
645 1385 780 1452 tempore
807 1380 876 1452 post
903 1372 956 1433 llll
992 1391 1137 1434 annorum
1171 1367 1369 1441 intervallum

213 1476 302 1561 paulo
330 1475 420 1536 alium
443 1476 553 1535 lactum
578 1494 652 1536 esse.
699 1493 790 1552 porro
813 1475 1000 1535 ambitiosius
1023 1477 1157 1537 Rauerus
1181 1475 1378 1556 conquisivit

215 1596 290 1658 quae
313 1579 343 1637 iu
366 1576 461 1637 culice
489 1578 656 1654 ceterisque
685 1575 865 1637 carminibus
888 1575 998 1656 aliquid
1021 1575 1223 1637 similitudinis
1244 1576 1373 1645 referre

217 1679 361 1746 videntur,
386 1686 420 1738 ut
433 1677 575 1757 probaret
591 1697 627 1738 ev
647 1677 756 1756 eclogis
769 1677 806 1737 Vl
823 1684 852 1737 et
866 1677 891 1737 ll
908 1680 1044 1748 maxime,
1060 1680 1221 1756 georgicon
1236 1677 1308 1738 libri
1322 1677 1368 1746 lv

216 1783 296 1841 exitu
329 1785 358 1838 et
384 1778 524 1839 Aeneidis
558 1777 634 1839 libro
664 1779 700 1838 Vl
733 1760 936 1839 consarcinata
968 1781 999 1838 in
1029 1779 1124 1840 culice
1156 1777 1248 1841 multa
1284 1797 1363 1850 esse,

217 1882 301 1960 quasi
324 1899 393 1939 vero
416 1882 487 1940 artis
510 1881 643 1959 poeticae
666 1880 819 1942 eGraecis
842 1879 1015 1942 auctoribus
1038 1881 1195 1960 pendentis
1219 1898 1280 1940 nou
1296 1900 1359 1944 cer.

220 1990 268 2043 tae
302 1980 446 2058 quaedam
480 1981 618 2043 dictionis
652 1981 784 2042 colorum
811 1980 957 2041 luminum
983 1983 1145 2060 imaginum
1178 1981 1355 2048 fabularum.

215 2102 272 2163 que
294 2085 397 2162 copiae
419 2083 559 2151 luissent,
588 2084 645 2143 iam
668 2083 704 2143 ab
728 2083 943 2159 antiquioribus
964 2086 995 2144 iu
1019 2084 1144 2146 aliorum
1167 2103 1255 2145 usum
1278 2103 1351 2151 eorn-

213 2194 350 2264 paratae,
381 2186 525 2261 quasique
554 2183 729 2245 abhorreret
752 2203 768 2244 a
791 2183 1011 2262 probabilitate,
1041 2185 1086 2245 vel
1115 2193 1266 2247 maturum
1288 2202 1348 2262 poe·

180 2309 183 2313 ²
216 2293 276 2346 tam
304 2287 335 2346 iu
363 2285 501 2365 ponendo
530 2303 653 2345 nemore
679 2292 766 2363 prato
793 2302 884 2362 grege
912 2285 957 2346 vel
987 2286 1136 2365 pingenda
1165 2288 1303 2348 universa
1321 2307 1347 2351 re

214 2387 371 2466 pastoricia
394 2385 439 2447 vel
463 2389 493 2445 in
516 2385 664 2446 narranda
681 2385 793 2466 Orphei
817 2386 915 2447 fabula
933 2387 977 2447 vel
999 2390 1030 2448 in
1045 2388 1170 2448 Tartaro
1187 2389 1346 2451 exornando

214 2487 358 2565 quaedam
382 2507 416 2547 ex
439 2487 611 2547 iuvenilium
641 2488 807 2549 studiorum
837 2489 928 2566 copiis
957 2488 1161 2567 recollegisse,
1190 2489 1243 2549 sed
1265 2491 1303 2550 ita
1321 2503 1347 2557 ut

214 2588 357 2668 expoliret
385 2597 414 2649 et
442 2588 627 2649 emendando
661 2596 828 2650 renovaret.
874 2607 942 2649 nam
977 2589 1050 2650 baec
1078 2591 1142 2668 ipsa
1175 2600 1346 2668 argumenta,

217 2689 353 2768 Orpbeus
381 2698 410 2749 et
432 2689 578 2769 Eurydice
607 2698 636 2751 et
663 2692 827 2750 inferorum
856 2690 942 2751 sedes
970 2689 1211 2752 adulescentibus
1236 2694 1348 2771 potissi-

99 2795 102 2799 ’
139 2798 142 2802 “
217 2810 295 2852 muro
325 2791 477 2853 decantata
506 2792 598 2853 luisse
626 2790 671 2851 vel
693 2791 803 2851 Lucani
833 2792 1001 2870 exemplum
1031 2792 1140 2854 docere
1161 2801 1267 2872 potest.
1309 2795 1349 2855 iu-

216 2899 317 2969 tegros
343 2895 500 2962 antemio
529 2892 622 2953 culice
644 2911 761 2962 versuo,
790 2891 891 2971 quales
913 2893 944 2952 in
973 2894 1027 2953 ciri
1049 2892 1204 2971 leguntur,
1235 2913 1271 2954 ex
1291 2893 1352 2957 aliis

215 2993 395 3054 carminibus
417 2994 559 3071 repetitos
582 2992 627 3054 vel
649 2990 705 3053 alia
728 3010 804 3071 quae
826 2993 896 3052 binc
919 2996 1107 3072 potissimum
1125 3002 1275 3057 mutuatus
1289 3014 1353 3057 csse

217 3093 320 3155 culicis
342 3100 444 3154 auctor
467 3095 563 3155 evinci
584 3095 678 3172 possit
700 3111 846 3172 nusquam
869 3095 1056 3157 offendimus

298 3397 334 3458 At
363 3398 533 3459 dirarum
561 3416 658 3476 nequo
681 3398 751 3460 Cato
774 3417 871 3477 neque
895 3400 1041 3477 Vergilius
1063 3407 1166 3462 auctor
1189 3402 1258 3471 luit,
1283 3419 1360 3478 quas
1392 3387 1396 3396 ¹

214 3505 294 3560 ortas
317 3517 383 3559 esse
406 3517 483 3559 anno
498 3495 560 3559 713
583 3499 742 3559 admodum
764 3499 928 3579 probabilis
949 3500 1084 3562 Merkelii
1107 3502 1142 3563 ad
1166 3502 1231 3563 lbiu
1246 3523 1274 3582 p.
1291 3480 1362 3564 3'64

213 3601 382 3661 coniectura
417 3607 474 3667 est,
509 3600 558 3659 cui
588 3600 734 3679 llauptius
765 3592 828 3661 obs'.
863 3604 928 3662 erit.
956 3599 996 3663 47
1028 3611 1057 3663 et
1084 3603 1291 3665 Lachmannus
1316 3603 1365 3665 ad

211 3701 301 3762 Luor.
323 3701 360 3760 lV
381 3696 445 3761 604
466 3699 633 3779 adstipulati
662 3709 741 3762 sunt.
786 3703 841 3763 sita
863 3711 960 3763 autem
990 3702 1111 3766 luerunt
1133 3723 1218 3780 rura,
1249 3705 1375 3782 quibus

214 3801 355 3880 expulsus
382 3818 538 3880 possessor
562 3809 627 3862 vota
655 3803 841 3882 inprecatur,
870 3804 906 3863 ad
929 3804 1015 3865 litora
1039 3807 1129 3866 maris
1153 3803 1204 3882 (48
1227 3823 1290 3884 sqq.
1313 3801 1378 3868 58

210 3901 296 3980 sqq),
321 3900 469 3966 montibus
491 3899 558 3961 altis
581 3921 597 3962 a
619 3911 703 3980 tergo
727 3906 821 3965 cincta
845 3902 906 3983 (13.
924 3903 975 3966 76.
992 3903 1054 3981 88),
1079 3913 1111 3966 ut
1133 3925 1169 3967 ex
1190 3908 1385 3968 octodecim

210 4003 340 4082 oppidis,
371 4019 446 4079 quae
473 4004 619 4063 veteranis
648 4003 798 4080 adsignata
828 4014 898 4065 sunt
927 4008 973 4087 (cl.
998 4009 1125 4086 Appiani
1147 4007 1177 4069 b.
1202 4027 1227 4068 c.
1253 4007 1388 4088 1v3)‚

207 4107 286 4181 inter
317 4105 483 4165 Ariminum
517 4105 677 4166 Nuceriam
704 4105 884 4185 llipponium
912 4106 1059 4186 Rhegium
1091 4109 1137 4188 (cl.
1162 4129 1187 4169 v.
1211 4106 1241 4189 9)
1274 4112 1394 4190 optio

209 4205 275 4266 data
304 4206 349 4264 sit.
382 4214 536 4284 receptum
565 4214 662 4267 autem
692 4225 813 4268 carmen
841 4216 999 4286 utrumque
1024 4207 1101 4288 (uam
1124 4217 1207 4271 recte
1230 4209 1399 4290 Lydiam

209 4327 226 4368 a
249 4306 321 4367 diris
345 4309 492 4386 separavit
509 4306 558 4368 Fr.
581 4306 739 4388 lacobsIus)
760 4309 791 4369 in
814 4309 946 4388 syllogen
969 4318 1110 4386 nostram,
1135 4313 1204 4389 quia
1227 4319 1257 4372 et
1280 4320 1404 4374 tenl-
