2820 4770
219 260 279 324 178
735 285 841 326 semu.

253 452 271 523 ζ
300 470 360 511 non
382 452 496 512 Aurora
518 469 610 512 novos
634 453 721 514 eiiam
744 450 870 529 ploravit
892 469 1008 512 amoses
1280 453 1365 528 (175)

302 568 390 642 atque
413 561 526 623 rubens
548 560 654 622 oculos·
672 580 760 624 roseo
783 562 889 623 celavit
910 562 1037 622 amictu?

78 741 82 753 '
147 729 149 733 ’
219 732 267 809 Β(
302 732 369 792 talia
393 731 561 793 caelicolae.
606 732 749 811 numquid
772 733 871 792 minus
894 751 983 793 aurea
1006 734 1129 812 promsi

301 860 373 920 ergo
396 843 475 920 quod
499 843 573 904 deus
596 850 685 923 sique
707 839 815 913 herm,
836 834 917 922 'quor
938 861 998 903 non
1021 844 1119 904 minor
1142 845 1241 905 aetas?
1323 847 1365 904 75

242 1016 267 1070 θ
300 1011 405 1073 infelix
427 1029 497 1091 ego,
521 1031 582 1074 non
604 1012 655 1073 illo
678 1015 729 1093 qui
753 1019 888 1092 tempore
910 1020 997 1072 natus

300 1140 358 1200 quo
380 1123 476 1184 Rasilis
499 1134 603 1185 natura
623 1124 687 1184 suit.
734 1141 799 1183 sors
823 1142 840 1182 ο
864 1097 930 1184 mea
951 1121 1032 1183 laeva
1275 1125 1363 1199 (180)

299 1233 439 1293 nascendi
463 1235 663 1317 miserumque
686 1252 795 1312 genus,
820 1234 890 1309 quoi
914 1251 980 1293 sera
1002 1231 1094 1292 libido
1118 1235 1175 1293 est!

237 1399 267 1479 u'
298 1410 409 1463 tantam
432 1400 528 1463 saecla
551 1419 635 1462 meae
658 1401 757 1463 cordis
779 1403 879 1462 iecere
901 1403 1046 1481 rapinam,

299 1519 331 1572 ut
353 1530 486 1574 maneam
510 1511 588 1590 quod
611 1513 658 1572 vix
680 1511 775 1573 oeulis
798 1529 980 1590 cognoscere
1002 1513 1107 1591 possis.
1318 1516 1362 1574 80

210 1707 285 1777 liner
306 1704 373 1760 mala
394 1719 421 1776 ψ
443 1702 541 1759 malum
571 1701 599 1757 Γ
615 1702 710 1758 malam
729 1720 815 1775 prop.
839 1703 972 1759 Nuelu'us
1039 1701 1119 1758 barba
1142 1703 1277 1776 Scuiiyer
1298 1702 1360 1758 bar-

212 1787 272 1843 bam
294 1807 317 1844 ω
404 1789 443 1845 72
466 1785 550 1860 (175)
571 1787 671 1842 nothos
695 1792 769 1844 coni.
794 1789 826 1844 G.
852 1787 1040 1845 Hermunuus
1125 1788 1164 1846 73
1187 1782 1285 1864 roseo]
1312 1804 1359 1843 ru·

212 1871 263 1928 heo
289 1871 324 1927 Ψ
394 1873 506 1945 uelauit
523 1873 549 1927 B
570 1872 666 1928 velavit
682 1873 886 1929 Breuiclzusius
986 1872 1026 1928 74
1050 1888 1092 1946 sq.
1115 1877 1230 1930 inverso
1255 1876 1359 1939 ordine

219 1957 366 2013 Vruiisl.l
436 1957 587 2014 74iiiiera
609 1959 714 2013 initiali
734 1961 852 2013 miniuiu
869 1957 897 2011 B
961 1959 1116 2031 nunquite
1181 1959 1261 2013 nimis
1277 1959 1355 2014 Med.

275 2043 402 2116 pronoZ
422 2043 508 2116 primo
528 2042 593 2097 TW
613 2041 710 2115 proles
726 2043 870 2098 Vonelu’us
937 2041 976 2098 75
1000 2042 1038 2115 qd
1051 2042 1080 2098 B
1102 2042 1166 2115 quid
1182 2044 1215 2099 H
1271 2043 1355 2098 decus

211 2127 245 2182 H
306 2120 389 2202 quor]
415 2128 479 2200 quoi
502 2127 525 2182 Z
546 2134 634 2199 curii}
713 2121 782 2202 non]
810 2127 845 2182 fis
868 2126 987 2182 Cotus
1090 2127 1127 2183 77
1152 2126 1236 2199 (180)
1259 2136 1357 2182 natura

211 2212 350 2267 nostraZ
412 2211 472 2266 leue
495 2212 523 2266 B
545 2211 617 2267 lenia
638 2211 674 2266 D.
696 2212 835 2268 Heinsius
922 2210 961 2268 78
983 2211 1147 2267 nascendum
1173 2212 1355 2267 Tnaseentis

212 2295 247 2351 N.
271 2297 409 2352 Heinsius
487 2297 550 2369 quoi
573 2296 703 2352 Nuelu'us
725 2313 780 2369 quo
802 2315 825 2352 ω
848 2312 864 2352 0
889 2298 930 2353 uei
954 2313 1004 2368 pro
1027 2297 1063 2352 N.
1087 2296 1227 2354 Heinsius
1292 2313 1355 2352 sero

213 2381 289 2436 Coie.
314 2379 382 2451 2,ε
447 2389 489 2436 est
511 2398 564 2437 om.
588 2381 691 2438 HYZu
783 2381 821 2438 79
846 2381 956 2436 Tantam
972 2380 1070 2436 HTW
1093 2380 1169 2437 Colle.
1192 2381 1211 2438 3
1236 2381 1352 2436 Tantum

211 2465 325 2521 MRYZ
346 2465 429 2521 'santa
453 2467 516 2522 Βεα
544 2465 608 2520 'iam
631 2466 706 2522 Med.
794 2465 880 2522 saecla
905 2481 980 2520 mene
1001 2469 1116 2538 scripsi.
1145 2467 1201 2521 uita
1225 2482 1300 2521 meae
1327 2465 1360 2519 Ψ

211 2550 267 2604 uite
293 2566 366 2606 meae
395 2550 424 2605 i·
440 2551 496 2606 uite
519 2566 577 2606 mee
599 2551 633 2606 H
656 2551 728 2606 uitae
750 2567 824 2605 meae
847 2551 870 2606 Z
896 2566 972 2625 mese
1001 2551 1055 2626 uite
1079 2551 1105 2605 B
1127 2566 1201 2606 meae
1225 2552 1297 2606 uitae
1319 2566 1355 2608 εα

211 2641 273 2689 vota
300 2650 374 2690 meae
402 2635 528 2692 Iacobus
555 2634 609 2689 iaia
637 2651 710 2690 meae
739 2637 783 2691 nel
809 2651 869 2690 meo
892 2636 1031 2691 Heinsius
1058 2636 1128 2690 vitae
1156 2637 1184 2690 in
1207 2652 1250 2691 me
1275 2637 1351 2691 Nae·

210 2719 276 2774 icius
361 2719 436 2775 cordi
458 2720 482 2775 Z
507 2736 567 2775 cum
595 2718 636 2773 dis
660 2720 792 2792 Seuiiqer
818 2721 901 2774 sortis
930 2722 974 2776 uel
1001 2719 1077 2776 cordi
1099 2721 1241 2776 Heinsius
1269 2723 1353 2793 partis

210 2801 273 2874 (om.
297 2802 406 2874 tantam)
421 2805 577 2860 Puisshius
664 2803 705 2862 80
726 2820 831 2860 maneas
847 2805 881 2860 H
943 2799 1030 2880 quod]
1055 2811 1090 2868 ei,
1107 2807 1159 2860 sed
1178 2806 1278 2862 deul
1301 2820 1350 2879 φε

273 2889 365 2960 possi3
387 2889 421 2944 H
439 2890 540 2961 possim
565 2889 605 2944 Zu
683 2889 718 2959 (ο)
744 2887 816 2944 fenix
839 2890 872 2945 H
