2820 4770
612 269 713 311 carun
736 269 783 309 111.
1224 246 1265 310 59

209 434 327 496 Turbae
350 435 477 512 denique
499 437 529 495 in
553 442 633 496 textu
656 441 757 496 nostro
782 435 929 511 quomodo
953 442 1034 495 ortae
1057 437 1115 494 siut
1137 437 1179 495 sic
1194 434 1265 495 milri

131 541 197 609 tinxi
217 539 325 598 animo.
371 539 474 616 scripti
497 546 582 597 erant
603 545 670 616 post
693 556 718 595 r.
742 534 783 597 65
806 539 835 596 in
859 536 1011 615 archetypi
1032 536 1103 597 lolio

326 688 371 748 lla
394 689 424 747 tu
447 706 564 749 versus:
590 685 638 748 79.
664 686 798 749 til—ll.
824 678 866 748 80
888 705 930 764 sq.
954 688 1036 749 :7

326 787 373 850 llb
396 837 413 858 ‚,
493 837 510 858 ‚,
588 786 722 851 72-78.
954 815 997 840 Ξ
1019 788 1036 849 7

327 891 369 955 Y,³
395 938 412 960 ,‚
490 940 507 960 „
585 888 635 950 66.
660 887 784 950 82-87
952 915 994 941 =
1018 888 1035 949 7

131 1046 262 1114 librarius
285 1043 336 1103 ubi
358 1041 486 1128 debebat
509 1061 533 1101 r.
558 1039 599 1102 79
622 1041 807 1112 describere,
834 1041 948 1102 evoluto
971 1041 1042 1100 solio
1065 1060 1123 1101 non
1148 1041 1186 1110 X,
1212 1041 1264 1100 sed

133 1156 165 1221 t,
195 1145 310 1223 scripsit
332 1162 357 1203 v.
382 1139 432 1213 66,
467 1143 519 1203 sed
547 1145 645 1203 statim
679 1142 883 1204 animadverso
913 1161 1016 1202 errore
1045 1142 1133 1203 rediit
1161 1142 1196 1202 ad
1220 1144 1265 1202 Xa
1294 1203 1304 1220 ‚

136 1265 242 1315 rersum
269 1245 434 1307 seeundum
465 1242 541 1326 (67),
571 1246 700 1324 primum
730 1252 829 1305 autem
857 1245 949 1322 signis
972 1243 1119 1323 adpositis
1142 1264 1176 1303 eo
1200 1246 1264 1323 ipso

137 1357 193 1416 loco
213 1346 373 1416 collocavit,
399 1346 477 1407 unde
502 1366 525 1408 r.
550 1343 590 1406 66
613 1353 864 1424 praesumpserat.
909 1353 995 1422 atque
1019 1345 1114 1405 eidem
1139 1345 1266 1406 subiecit

140 1468 201 1533 quos
220 1449 321 1509 nescio
344 1466 400 1528 qua
418 1449 575 1540 oscitantia
593 1449 732 1508 omiserat
747 1454 895 1506 extremos
910 1446 971 1506 lolii
988 1447 1032 1506 X³
1047 1465 1151 1507 versus
1166 1444 1208 1508 80
1221 1464 1264 1523 sq.

142 1570 227 1614 tersus
244 1545 305 1610 102
320 1567 364 1627 sq.
389 1549 468 1626 quod
491 1551 522 1609 in
545 1551 603 1608 fine
626 1550 715 1609 totius
737 1549 877 1626 poematii
899 1548 989 1608 additi
1013 1556 1090 1618 sunt,
1116 1567 1181 1608 curn
1197 1557 1265 1627 post

105 1674 110 1683 “
144 1677 161 1716 r.
181 1649 216 1713 90
236 1649 364 1728 neglecti
394 1660 506 1720 essent,
541 1671 600 1712 non
629 1651 721 1729 magis
750 1648 946 1729 explicatione
976 1657 1042 1726 eget
1071 1667 1159 1726 qnam
1188 1649 1265 1712 uude

145 1761 245 1819 lacunae
270 1737 412 1814 venerint.

210 2059 249 2118 lle
269 2060 290 2118 L
296 2061 386 2136 μαῖα
410 2075 497 2134 quam
514 2058 643 2119 Naelrius
660 2059 730 2118 dicit
746 2059 878 2135 eclogam
894 2061 1007 2137 primus
1023 2077 1039 2118 a
1055 2058 1128 2119 diris
1145 2077 1264 2137 separa-

146 2165 174 2221 rit
184 2159 349 2222 Fridericus
370 2160 520 2220 lacohsius
544 2162 624 2221 misc.
643 2163 675 2222 V.
695 2180 723 2239 p.
741 2158 803 2221 639
819 2177 893 2239 sqq..
918 2179 993 2239 quae
1016 2179 1082 2220 etun
1105 2163 1135 2220 in
1159 2162 1266 2221 ceteris
1337 2144 1345 2185 ·⁵

145 2261 263 2324 omnibus
286 2269 431 2341 quotquot
453 2264 587 2323 novimus
603 2261 687 2323 libris
710 2264 774 2322 sine
799 2261 858 2323 ullo
874 2261 918 2322 vel
935 2263 1028 2341 spatio
1046 2262 1090 2321 vel
1106 2261 1190 2323 titulo
1207 2260 1266 2321 illis

145 2365 259 2425 adiuncta
275 2365 322 2433 sit,
344 2363 484 2424 indicium
500 2363 604 2424 saltem
620 2367 688 2425 novi
704 2366 844 2425 carminis
860 2363 942 2424 solus
957 2367 1083 2424 servarit
1099 2365 1136 2432 B,
1160 2366 1191 2423 iu
1208 2382 1266 2440 quo

146 2468 244 2526 ululata
268 2464 363 2526 littera
387 2462 492 2525 initiali
507 2484 532 2524 v.
552 2466 567 2526 1
586 2467 681 2545 pictus
705 2477 757 2527 est.
804 2474 891 2542 atque
912 2466 1016 2525 eodem
1034 2465 1120 2526 inodo
1136 2468 1266 2543 insignes

144 2564 1265 2644 &mmmmmdffiffifflfflfflfflffmw

146 2661 192 2730 tam
212 2675 257 2728 est
277 2687 332 2747 per
355 2667 491 2747 strophas
514 2671 709 2749 compositum
734 2687 799 2730 esse
822 2671 990 2748 poemation
1011 2678 1040 2729 et
1056 2668 1186 2746 singulas
1202 2671 1266 2729 cius

145 2778 224 2850 partes
258 2769 417 2849 disponere
450 2772 521 2830 satis
553 2773 584 2830 in
616 2781 734 2850 promtu
768 2771 831 2831 luit.
876 2788 931 2829 nec
960 2778 1010 2829 aut
1038 2770 1266 2847 transponendis

146 2871 259 2932 rersibus
280 2879 313 2931 ut
334 2872 364 2931 in
388 2871 460 2931 diris
484 2890 557 2950 opus
580 2872 634 2931 luit
657 2880 705 2932 ant
727 2871 840 2931 lacunis
862 2870 1036 2939 statuendis,
1061 2888 1186 2946 quarum
1204 2880 1265 2931 stu·

146 2973 181 3033 lio
205 2991 299 3052 paene
327 2971 471 3033 ridiculus
500 2971 680 3033 Goelrbelius
710 2984 761 3032 est.
808 2990 984 3051 quamquam
1016 2970 1143 3031 dubitari
1171 2979 1268 3051 potest

93 3078 98 3155 ξ
146 3083 197 3154 post
216 3094 241 3134 r.
266 3071 306 3136 73
329 3081 427 3134 utrum
458 3093 534 3134 unus
556 3074 719 3134 versiculus
743 3074 897 3141 exciderit,
927 3081 960 3131 ut
988 3080 1090 3151 quarta
1114 3081 1266 3134 ternorum

146 3195 263 3236 versuum
286 3173 407 3253 stropha
425 3171 491 3254 (ς”’)
509 3175 619 3250 evadat,
644 3194 681 3236 au
704 3194 757 3253 par
780 3193 917 3235 versuum
942 3175 1107 3233 ternionem
1131 3175 1266 3253 stroplra-

147 3296 196 3337 rum
217 3276 410 3345 concluserit,
441 3277 518 3352 quod
542 3279 612 3354 quin
636 3277 671 3336 ad
696 3276 771 3338 lianc
793 3285 908 3354 partem
921 3277 1091 3354 pertineat,
1117 3294 1176 3335 non
1199 3295 1267 3336 cum

147 3377 321 3454 sequentihus
353 3377 592 3454 coniungendam
621 3380 658 3438 sit
687 3397 787 3460 rerum
817 3376 1038 3437 similitudinem
1068 3377 1267 3439 consideranti

148 3477 252 3540 dubium
274 3497 333 3538 non
359 3485 411 3538 est.
457 3486 609 3557 praeterea
639 3479 785 3558 epilogum
817 3478 850 3557 (r.
875 3475 1009 3558 rat-80)
1035 3488 1121 3540 erunt
1143 3479 1267 3540 lortasse

137 3582 185 3669 tqui
206 3579 331 3641 solidum
359 3589 471 3659 septem
500 3598 636 3640 versuum
666 3599 775 3660 corpus
803 3599 923 3663 servare
946 3599 1033 3660 quam
1056 3583 1086 3641 in
1108 3580 1268 3661 particulas

148 3681 276 3743 dissecare
300 3680 411 3741 malint.
449 3681 577 3760 denique
600 3681 780 3742 monendum
797 3682 933 3759 strophas
954 3678 989 3759 γ’
1012 3689 1041 3740 et
1062 3678 1106 3759 y''
1128 3684 1168 3741 ita
1189 3683 1268 3742 inter

148 3802 171 3842 se
188 3801 312 3842 conexas
340 3800 418 3852 esse,
450 3792 482 3842 ut
504 3784 553 3858 qui
578 3782 667 3843 medii
694 3791 764 3843 sunt
786 3802 888 3843 versus
910 3778 1037 3842 32-34
1058 3790 1104 3843 ter
1125 3783 1162 3844 ab
1183 3785 1268 3842 initio

149 3884 272 3945 redeunte
307 3882 408 3944 rocula
436 3887 497 3944 sive
524 3884 733 3961 comprehensi
762 3885 982 3945 circumdentur
1010 3883 1134 3962 reliquis
1161 3883 1266 3954 tribus,
1315 3902 1317 3920 ¹

150 4004 254 4064 quorum
278 4003 356 4046 unus
379 3982 439 4063 (31)
463 3984 625 4063 respondet
647 3984 848 4046 antecedentis
870 3985 1011 4063 strophae
1033 4004 1054 4062 γ
1076 3986 1172 4063 primo
1196 3981 1266 4065 (28),

151 4086 236 4166 reliqui
258 4087 318 4146 duo
342 4088 466 4146 extremi
490 4083 540 4163 (35
563 4085 617 4163 sq.)
643 4089 811 4147 universum
835 4087 918 4146 cuius
942 4084 1076 4164 exempla
1094 4069 1215 4146 'taurum
1239 4094 1268 4145 et

152 4205 252 4264 caprum
287 4194 373 4266 poeta
404 4186 536 4264 elegerat
563 4188 733 4249 animalium
763 4205 855 4264 genus
884 4185 1030 4265 complexi
1054 4186 1129 4253 hanc
1152 4194 1267 4264 partem

153 4287 294 4350 absolvunt.
341 4287 476 4351 ordinem
503 4290 609 4350 inverti
639 4290 763 4351 duorum
787 4307 924 4351 versuum
950 4285 986 4348 17
1011 4305 1064 4366 sq„
1095 4295 1126 4349 ut
1149 4296 1268 4353 etcum
