2820 4770
137 272 175 336 12
577 292 831 336 rnonscounuou

134 480 170 521 ex
192 461 298 541 quibus
320 479 413 522 unum
435 459 583 521 Valerium
605 458 787 529 Messallam,
812 460 963 521 consulem
987 479 1012 519 a.
1037 456 1113 529 701,
1138 461 1267 521 Caesaris

133 567 163 625 in
179 564 275 623 Africa
298 562 425 640 legatum
448 581 472 621 a.
490 558 552 622 708
573 561 664 621 luisse
687 561 787 622 docuit
804 560 983 640 Borglresius
1005 581 1072 641 opp.
1090 564 1227 623 numism.
1246 562 1266 621 Ι.

133 685 161 744 p.
185 661 256 724 405.
290 681 345 722 nec
378 664 548 741 panegyrici
586 661 705 740 (Tibulli
734 663 771 723 IV
796 661 822 739 1)
852 672 954 724 auctor
982 662 1032 722 ubi
1066 665 1184 724 victoris
1216 683 1267 741 per

133 765 236 827 orbem
259 770 408 828 terrarum
435 783 555 825 cursum
578 763 719 825 describit
747 764 782 843 (v.
809 760 868 824 138
886 782 928 841 sq.
955 761 1014 824 147
1036 763 1110 843 sqq.)
1134 763 1199 824 illas
1223 784 1267 825 re·

133 868 235 944 giones
266 868 427 942 praeteriit.
478 884 604 945 cumque
633 865 670 925 de
697 864 788 925 rebus
819 883 834 925 a
862 864 995 927 Messalla
1025 865 1151 926 Corvino
1179 867 1267 943 gestis

131 968 200 1029 inde
229 966 266 1027 ab
288 985 366 1027 anno
389 968 508 1028 demum
532 965 591 1027 711
616 968 725 1027 certior
748 973 826 1026 extet
847 968 1005 1036 memoria,
1034 972 1132 1045 potest
1155 968 1216 1027 sive
1240 975 1267 1027 ul

132 1068 281 1146 Scaligero
310 1076 339 1130 et
362 1067 392 1129 C.
416 1068 465 1129 Fr.
491 1068 661 1129 Hermanno
689 1067 800 1145 placuit
828 1086 904 1127 anno
927 1063 988 1128 687
1010 1070 1069 1128 sive
1098 1069 1267 1148 1111111111-

132 1171 226 1249 ghesii
259 1172 431 1230 coniectura
464 1178 507 1229 est
536 1188 612 1229 anno
640 1169 758 1228 demum
786 1164 921 1228 690va
944 1166 1004 1229 691
1036 1176 1120 1230 natus
1149 1176 1194 1230 est
1223 1169 1267 1247 (11.

132 1269 364 1332 Reillerscbeidii
379 1271 460 1331 Suet.
483 1290 511 1350 p.
528 1267 569 1332 83
585 1288 628 1350 sq.
646 1277 675 1330 et
690 1269 844 1348 Borghesii
860 1289 927 1349 opp.
945 1289 1026 1331 num.
1044 1271 1055 1330 l
1070 1291 1099 1350 p.
1115 1267 1178 1332 408
1194 1271 1267 1350 sqq?

132 1379 201 1434 ante
222 1373 484 1451 proscriptionem,
512 1388 568 1448 qua
591 1370 693 1450 pulsus
716 1371 752 1432 ad
776 1372 900 1432 Brutum
924 1381 953 1432 ct
975 1372 1106 1433 Cassium
1129 1373 1267 1452 profugit

130 1476 202 1535 loris
224 1472 369 1552 stipendia
391 1473 549 1548 meruisse,
574 1490 663 1551 quem
686 1471 754 1532 dum
775 1474 951 1535 interficitur
974 1474 1081 1535 Caesar
1103 1475 1196 1534 Roma
1221 1472 1256 1534 ab

130 1575 224 1636 luisse
251 1576 307 1653 ipsi
335 1573 430 1634 eriri
463 1573 540 1652 apud
568 1575 731 1652 Appianum
762 1573 789 1633 b.
814 1593 838 1634 1.
862 1575 899 1635 17
921 1572 962 1636 38
990 1582 1144 1635 testantur.
1191 1581 1267 1654 atqu

131 1673 291 1738 1111111727
316 1694 374 1736 non
398 1675 535 1752 georgica
557 1682 686 1745 tantum,
710 1674 960 1736 absolutissimum
982 1696 1102 1756 poema,
1127 1677 1267 1741 ediderat

130 1778 182 1839 sed
217 1780 275 1837 iam
307 1779 337 1837 in
370 1777 501 1838 Aeneide
534 1784 613 1837 totus
652 1785 715 1836 erat
748 1778 908 1854 VergiliuS,
949 1781 1031 1839 cuius
1064 1777 1174 1839 librum
1210 1780 1267 1857 pri

131 1898 210 1940 mum
234 1877 279 1937 vel
303 1887 370 1938 ante
393 1877 471 1940 hunc
494 1896 603 1938 annum
620 1879 764 1956 scriptum
788 1897 852 1939 esse
874 1881 904 1938 in
919 1878 1142 1957 Prolegomenis
1158 1881 1264 1942 critici

94 1999 96 2002 ’
131 1981 254 2041 conieci.
300 1998 315 2039 a
342 1977 393 2039 tali
422 1979 510 2057 igitur
543 1986 630 2057 poeta
664 1997 722 2039 non
756 1978 852 2058 potuit
880 1979 984 2040 eodem
1013 1963 1149 2059 tempore
1178 1980 1263 2059 elegi

131 2083 213 2150 oriri,
237 2081 321 2142 cuius
343 2080 448 2140 rudem
472 2080 618 2158 quandam
638 2079 880 2152 mediocritatem,
903 2083 1094 2152 ieiunitatem,
1118 2101 1195 2162 quae
1218 2083 1267 2144 ‘a.

130 2201 248 2263 prosam
276 2182 441 2243 orationem
469 2178 898 2261 vulgaremque'epistolarrim
927 2183 1194 2244 cousuetudinem'
1224 2202 1267 2248 ac

131 2284 225 2353 cedat,
249 2286 356 2360 ‘atque
378 2286 409 2343 in
432 2285 556 2343 transitu
579 2283 615 2343 ab
637 2303 694 2344 una
719 2285 864 2344 sententia
888 2284 923 2343 ad
948 2279 1070 2345 alteram
1092 2286 1267 2347 invenienti

131 2392 336 2465 paupertatem
364 2384 565 2463 inopiamque,
596 2384 710 2461 qualem
741 2385 859 2463 quidem
888 2386 934 2444 vix
957 2386 988 2445 in
1010 2385 1070 2445 ullo
1092 2394 1180 2465 poeta
1203 2405 1267 2466 posr

130 2491 292 2564 Augustum
325 2486 473 2563 reperias’
506 2487 612 2546 merito
644 2487 755 2546 notavit
781 2485 911 2546 Naekius
944 2488 976 2546 in
1007 2486 1116 2547 Catone
1144 2507 1173 2566 p.
1198 2485 1267 2553 233.

131 2607 186 2648 nec
219 2585 401 2667 probabilior
427 2586 549 2647 Roberti
578 2588 678 2664 Unger
705 2588 735 2646 in
764 2586 840 2646 libro
869 2586 904 2645 do
933 2586 963 2647 C.
988 2585 1080 2665 Valgii
1103 2589 1170 2648 Rufi
1199 2608 1265 2667 poe·

65 2708 67 2712 “
131 2691 217 2750 matis
239 2708 266 2766 p.
283 2683 346 2748 304
360 2704 424 2766 sqq.
448 2689 578 2764 exposita
602 2689 701 2766 opinio
725 2694 782 2756 est,
804 2687 938 2765 Valgium
961 2688 1096 2748 redeunti
1120 2709 1155 2749 ex
1179 2690 1264 2752 Gallia

131 2788 283 2852 Messallae
311 2788 366 2848 bac
394 2787 486 2866 elegia
516 2788 695 2865 gratulatum
725 2807 798 2850 esse.
844 2791 894 2866 qui
916 2809 983 2851 cum
1006 2791 1127 2851 Horatio
1150 2793 1261 2854 satiram

130 2892 143 2951 Ι
168 2887 222 2959 10,
247 2889 283 2949 de
311 2907 369 2966 qua
392 2907 482 2968 supra
505 2889 647 2959 diximus,
672 2877 819 2950 'scribenti
844 2909 910 2950 cum
934 2893 1035 2967 paucis
1056 2892 1184 2953 idoneus
1207 2913 1261 2953 car·

63 3008 65 3010 ·
131 2993 243 3052 minum
268 2991 331 3051 eius
352 2989 442 3050 iudex
463 2989 582 3050 babitus
605 2992 655 3060 sit,
680 3008 806 3067 cumque
829 2988 990 3052 11111723
1014 2991 1050 3052 ab
1073 2999 1195 3054 auctore
1217 3013 1261 3072 pa·

131 3093 261 3173 negyrici
284 3090 321 3153 ad
336 3089 499 3151 Messallam
516 3091 552 3170 (v.
571 3088 632 3152 180
646 3091 699 3171 sq.)
722 3100 870 3169 tamquam
893 3094 1042 3171 perlectus
1066 3102 1151 3172 poeta
1174 3094 1264 3155 verbis

131 3192 263 3273 quamvis
289 3190 456 3253 adulatione
480 3193 573 3253 auctis
594 3193 662 3269 ‘qui
683 3196 778 3273 possit
799 3197 913 3272 magnis
935 3214 967 3254 sc
990 3197 1146 3272 accingere
1169 3196 1262 3266 rebus,

133 3344 164 3355 ..
189 3303 309 3373 aeterno
338 3295 461 3373 propior
489 3312 548 3354 non
576 3294 650 3355 alter
673 3296 820 3355 Homero'
849 3296 1050 3375 praedicetur,
1082 3307 1163 3358 certe
1192 3317 1264 3358 anno

131 3394 191 3458 727
216 3404 349 3457 maturae
372 3396 476 3455 aetatis
500 3403 529 3455 et
551 3397 622 3457 artis
645 3397 688 3456 vir
709 3397 772 3458 luit.

214 3547 296 3608 illam
327 3545 450 3623 elegiam
479 3522 533 3624 qui
557 3548 627 3607 lecit
648 3548 768 3608 iuvenili
790 3548 887 3609 studio
911 3557 941 3609 et
962 3536 1105 3611 Catullum
1131 3550 1177 3628 (11.
1203 3571 1226 3610 v.
1248 3548 1267 3614 5

131 3669 198 3710 cum
233 3647 338 3708 Catulli
365 3647 452 3706 LXVI
476 3644 529 3715 13,
564 3645 632 3708 v.7
662 3668 728 3710 cum
757 3648 860 3710 Catulli
891 3649 962 3709 LXV
990 3647 1019 3728 3)
1055 3659 1084 3710 et
1111 3651 1267 3728 Vergilium

131 3750 179 3824 (cl.
203 3769 228 3808 v.
254 3745 293 3806 11
317 3765 384 3806 oum
408 3746 463 3807 111.
486 3744 655 3809 13211111.
679 3746 793 3818 1v20;
828 3770 853 3810 v.
878 3747 916 3810 17
940 3751 1121 3812 1111111111
1146 3751 1173 3831 l)
1205 3755 1266 3813 imi-

131 3857 207 3910 tatus
231 3856 275 3908 est
298 3846 372 3924 (vide
395 3847 538 3908 Naekium
560 3848 579 3908 l.
597 3849 643 3927 1.),
667 3858 822 3927 praeterea
845 3859 943 3911 autem
967 3851 1023 3911 illis
1046 3854 1173 3912 maxime
1196 3853 1267 3914 dcli-

131 3953 183 4012 ciis
204 3949 340 4023 indulsit,
375 3967 451 4025 quae
473 3949 622 4028 Lygdamo
645 3953 766 4030 eiusque
795 3950 911 4028 aequali
934 3951 1036 4012 Ovidio
1063 3971 1136 4031 prae
1164 3956 1267 4014 ceteris

130 4052 320 4132 placuerunt:

131 4244 154 4280 v.
172 4224 187 4280 1
205 4240 265 4298 sqq.
300 4240 403 4294 pauca
425 4225 505 4286 mibi,
535 4227 612 4279 niveo
635 4224 759 4280 sednon
783 4227 919 4298 incognita
941 4225 1065 4288 Pboobo,

351 4325 453 4383 pauco
475 4309 542 4367 mibi
562 4307 657 4366 doctae
678 4309 760 4367 dicite
781 4310 933 4382 Pegasides.
