2820 4770
138 255 178 319 10
378 291 381 297 ·
580 275 832 322 333333333333

136 447 215 506 idern
239 464 299 506 non
321 447 419 506 minus
441 463 530 522 quam
553 443 682 521 collegae
705 445 830 505 lortasse
853 444 943 503 suasit
963 439 1091 519 Vergilio
1115 450 1146 501 ut
1169 442 1268 503 Caesa·

135 566 199 608 rem
226 546 367 626 precibus
395 547 491 607 adiret
514 555 543 607 31
565 546 782 606 commendarit
803 547 935 623 ignotum
959 543 1180 604 adulescentem
1204 561 1268 621 prc-

136 647 264 708 ceribus.
308 647 394 708 nihili
423 650 502 710 euim
530 648 606 708 daco
633 646 772 708 tabellam
800 664 856 724 qua
883 648 976 706 iratus
1004 646 1170 706 Mantuanis
1191 646 1268 706 Musa

136 750 226 809 luisse
240 757 372 826 ‘propter
395 752 496 810 nescio
519 767 607 828 quam
630 750 774 810 offensam
798 767 813 808 a
836 746 1003 808 scholiastis
1026 746 1160 817 traditur,
1185 764 1268 824 quam

135 860 164 910 et
185 850 316 920 silentio,
340 852 427 912 docto
451 853 481 911 31
501 851 603 922 131133,
626 853 737 930 pressit
760 849 890 911 Donatus
914 857 943 909 et
965 849 1084 909 disertis
1106 849 1204 909 verbis
1226 867 1268 909 re·

135 951 333 1029 pudiaverunt
360 953 479 1014 Servius
507 954 543 1014 ad
567 952 621 1014 ecl.
645 953 683 1014 lX
704 949 745 1013 28
769 960 798 1012 et
825 953 855 1011 in
883 951 979 1030 prael.
1003 950 1099 1011 bucol.
1124 970 1158 1011 33
1181 951 1268 1013 Focas

136 1072 159 1115 v.
177 1051 232 1115 80:
256 1073 324 1117 nam
347 1061 470 1135 propter
492 1056 679 1123 vicinitatem,
704 1072 763 1114 333
786 1062 909 1132 propter
931 1052 1038 1119 civium
1060 1051 1176 1130 culpam
1192 1052 1268 1112 blan·

135 1165 241 1216 tuanos
263 1174 351 1235 agros
366 1155 617 1218 Cremonensibus
628 1141 755 1216 'iunctos
776 1156 868 1215 luisse
884 1153 1049 1217 adfirmant.
1090 1172 1161 1232 ergo
1177 1172 1268 1233 nequa

135 1277 189 1318 cnr
210 1259 389 1318 irasceretur
412 1258 531 1320 Octavio
552 1258 653 1318 Musae
675 1257 766 1326 Maro,
790 1256 878 1317 modo
900 1255 972 1335 quid
994 1275 1042 1316 res
1065 1255 1161 1328 lerretn
1179 1272 1268 1333 aequo

134 1361 232 1420 animo
260 1377 361 1421 secum
390 1365 556 1439 reputaret,
586 1368 616 1419 et
637 1357 740 1428 babuit
763 1360 890 1419 tortasse
912 1377 966 1418 cur
988 1359 1112 1436 gratiam
1135 1360 1268 1419 referret.

134 1480 190 1522 nec
218 1460 392 1522 mirabimur
414 1461 493 1539 quod
517 1459 646 1521 nobilem
669 1480 703 1521 ac
725 1467 877 1540 potentem
900 1461 993 1520 virum
1017 1469 1047 1519 et
1067 1461 1138 1520 durn
1161 1460 1268 1520 Romae

121 1543 212 1623 ¹inter
238 1564 382 1642 principis
411 1560 571 1623 familiares
599 1570 663 1622 erat
691 1569 847 1623 veneratus
878 1568 936 1632 cst,
966 1569 998 1621 ut
1026 1563 1120 1640 epigr.
1143 1561 1210 1622 XIll
1239 1579 1268 1621 nr

134 1677 269 1726 mutuum
302 1664 419 1741 quidem
448 1680 579 1725 amorem
607 1681 729 1743 sperare
758 1683 846 1724 ausus
874 1670 1048 1732 veneratur,
1082 1681 1137 1723 nec
1166 1672 1268 1726 mortu

133 1767 308 1826 memoriam
330 1766 453 1825 interire
476 1764 575 1830 voluit,
601 1772 632 1825 ut
653 1766 779 1825 servavit
800 1766 893 1844 epigr.
911 1764 1000 1824 XIIII.
1039 1772 1171 1824 ceterum
1195 1764 1268 1826 bun<

135 1867 302 1936 Octavium,
334 1868 381 1927 cui
409 1867 519 1926 ‘nimio
547 1865 652 1944 pocula
676 1866 763 1927 ducta
786 1870 886 1928 mero’
916 1885 1033 1926 causam
1056 1868 1160 1926 mortis
1182 1866 1268 1928 fuiss·

134 1968 285 2038 dixerunt,
315 1969 444 2044 equitem
467 1967 634 2028 Romanum
657 1969 863 2044 cognominem
889 1987 952 2028 3333
976 1969 1126 2046 suspicor,
1151 1969 1201 2027 cui
1222 1972 1268 2031 Ar

134 2068 272 2137 cesilaus,
305 2067 418 2143 Luculli
446 2067 599 2130 familiaris
629 2069 749 2139 artifex,
780 2076 892 2132 cratera
923 2069 1054 2131 lactarus
1083 2069 1236 2148 exemplar

133 2189 224 2250 gypso
252 2170 323 2230 lecit
350 2168 475 2237 talento,
510 2177 542 2230 ut
569 2171 609 2229 ait
635 2169 747 2232 Plinius
775 2191 803 2231 n.
828 2171 857 2231 lr.
887 2172 990 2232 XXXV
1014 2168 1084 2232 156.
1131 2171 1268 2236 aCatull

113 2271 260 2345 lectione
286 2278 437 2333 recentem
466 2270 553 2332 buius
581 2289 699 2351 quoque
728 2275 947 2351 epigrammatis
970 2282 1120 2334 auctorem
1144 2273 1266 2338 NaeIIu

134 2374 195 2434 Cat.
217 2370 280 2435 232
303 2373 516 2434 demonstravit
538 2373 661 2434 conlatis
685 2393 709 2434 v.
736 2371 774 2434 11
798 2392 841 2451 sq.
865 2393 933 2435 cum
957 2373 1062 2435 Catulli
1084 2370 1135 2448 68,
1162 2371 1222 2436 141
1251 2398 1268 2438 3

134 2473 183 2545 76,
206 2473 263 2544 23;
287 2494 312 2535 v.
337 2473 357 2535 3
381 2476 420 2552 (et
441 2474 518 2534 Vllll
539 2472 569 2552 2)
594 2493 660 2535 curn
684 2474 789 2536 Catulli
811 2471 861 2543 92,
885 2472 906 2534 2
929 2473 1011 2535 314.

112 2593 114 2597 ’
216 2577 340 2637 Restant
362 2570 500 2636 carmina
515 2577 580 2636 tria.
624 2573 853 2654 Transpadanus
877 2576 983 2653 aliquis
1012 2578 1073 2637 slve
1095 2578 1268 2645 Mantuanus

132 2680 192 2738 sive
215 2678 423 2739 Cremonensis
444 2678 506 2737 sive
528 2677 691 2738 Brixiensis
713 2677 784 2738 lusit
806 2679 960 2757 perediam
983 2677 1095 2757 phaseli
1116 2678 1268 2743 Catulliani

133 2778 227 2857 (catal.
251 2779 333 2857 Vlll).
383 2777 490 2857 quodsi
520 2797 588 2838 rere
618 2780 744 2840 coniecit
771 2780 802 2840 P.
827 2783 976 2842 Victorius
1005 2781 1042 2842 ad
1072 2781 1130 2841 Cic.
1153 2781 1267 2857 133311

135 2877 175 2941 18
198 2899 226 2959 p.
253 2876 312 2941 107
337 2879 383 2939 ed.
408 2879 511 2940 Graev.
536 2879 605 2939 31113
633 2879 880 2957 [3311333331331
910 2885 1113 2960 magistratum
1138 2882 1264 2945 curulem

133 2999 199 3042 3333
221 2981 388 3041 Ventidium
412 2980 545 3049 bassum,
570 2980 687 3059 dequo
711 3001 746 3041 ex
769 2981 862 3043 Gellio
885 2985 921 3044 IV
945 2981 984 3045 15
1008 2982 1125 3043 Valerio
1146 2985 1264 3045 Maximo

132 3084 169 3144 Vl
189 3081 219 3161 ι9,
241 3079 261 3142 9
283 3081 378 3142 Plinio
401 3101 429 3142 n.
453 3081 482 3142 b.
505 3082 554 3141 Vll
579 3078 639 3143 135
661 3081 889 3153 113113131165,
911 3082 931 3145 3
954 3084 1054 3144 Cassio
1076 3085 1170 3144 Ilione
1185 3084 1265 3147 Xblll

132 3181 184 3254 51,
206 3180 307 3260 4333.
331 3179 519 3243 xtv111121
543 3191 667 3259 constat,
690 3186 834 3263 scrIpturn
856 3183 928 3244 illud
952 3203 1070 3264 quoque
1093 3186 1264 3264 epigramma

133 3293 178 3345 331
200 3282 365 3352 3333111,
389 3285 465 3344 3131
486 3284 651 3354 consulem,
675 3304 736 3345 non
760 3295 929 3364 praetorem
953 3295 1021 3346 3313
1043 3288 1174 3347 Castoris
1196 3295 1263 3348 tem·

132 3385 213 3465 plum
242 3387 272 3445 in
302 3384 433 3445 eburnea
459 3385 530 3445 sede
562 3383 738 3446 collocatum
768 3395 850 3448 recte
873 3387 1088 3465 intellegimus,
1117 3397 1266 3467 postquam

132 3507 158 3547 3.
175 3486 203 3546 d.
226 3488 249 3546 V
268 3484 331 3547 llal.
354 3486 534 3547 Decembres
562 3489 680 3548 tresviri
705 3489 887 3568 reipublicae
917 3488 1139 3565 constituendae
1167 3510 1268 3551 munus

76 3606 80 3635 ;
132 3591 274 3667 inierunt,
298 3589 439 3666 quoniam
461 3589 492 3648 in
516 3588 668 3650 Octaviani
690 3590 819 3651 consulis
841 3589 940 3651 locum
964 3592 1106 3651 suffectus
1129 3599 1175 3652 331
1197 3590 1268 3652 Ven-

131 3690 229 3750 tidius
274 3690 323 3767 qui
346 3707 414 3748 cum
431 3707 508 3748 anno
523 3685 586 3750 696
601 3709 669 3751 cum
685 3691 810 3752 Caesare
831 3694 861 3752 13
878 3691 987 3753 Gabios
1002 3692 1154 3771 proiectus
1170 3695 1207 3753 311
1222 3692 1230 3772 l
1246 3696 1268 3754 1.

132 3790 243 3853 6311133
259 3789 277 3849 1.
293 3790 323 3870 l.)
347 3789 399 3850 ubi
421 3789 562 3851 vehiculis
584 3793 615 3851 in
638 3795 861 3871 magistratuum
883 3813 967 3854 usum
988 3793 1169 3872 praebendis
1190 3813 1268 3855 man-

131 3892 199 3953 data
219 3893 408 3970 imperatorIs
429 3893 541 3952 naviter
562 3895 687 3972 peregit,
711 3902 741 3954 31
762 3902 824 3956 turn
846 3914 941 3973 puero
964 3913 1109 3955 annorum
1126 3894 1165 3954 Xl
1188 3897 1268 3956 inno-

131 3995 221 4054 tuisse
243 4001 341 4072 potest
363 4000 393 4053 et
414 3993 538 4056 tortasse
561 4001 655 4064 33133,
679 3996 756 4055 siin
779 3998 930 4074 provincia
952 3995 1268 4074 3133131331331131311

132 4095 293 4155 castrensis
320 4095 488 4164 furnariae,
518 4102 550 4155 ut
572 4093 723 4156 Ciceronis
746 4097 823 4176 apud
846 4097 973 4157 aninm
996 4094 1016 4156 1.
1038 4096 1058 4156 l.
1082 4097 1172 4157 verba
1194 4107 1260 4157 sunt

131 4202 217 4257 natus
241 4197 319 4255 enirn
342 4213 402 4255 non
431 4204 498 4267 ante
522 4215 631 4256 annrrm
653 4194 730 4265 664,
762 4199 900 4276 quonlam
924 4199 954 4256 ln
977 4198 1127 4275 triumpho
1151 4198 1268 4276 Pompe.

132 4297 285 4358 Strabonis
318 4298 356 4358 de
388 4297 544 4360 Asculanis
578 4306 608 4359 31
633 4298 803 4361 Picentibus
836 4317 914 4359 anno
948 4295 1011 4363 665
1046 4307 1111 4361 3313
1145 4299 1268 4380 inpuber
