2820 4770
520 284 728 334 PRAEFATIO.
1160 283 1197 332 IX

54 453 265 542 appellantur
292 454 532 521 commentariis
561 453 780 520 dubitationes
809 457 928 520 rectius
953 453 1077 519 dixeris
1099 473 1198 538 quam

57 558 261 643 suspiciones
291 554 452 642 (prolegg.
482 556 554 622 crit.
583 580 615 643 p.
638 557 679 621 27
702 579 750 643 sq.
780 566 812 622 et
842 557 902 621 175
924 555 1008 643 sqq.)
1032 564 1199 641 tamquam

55 659 262 722 coniecturas
285 656 485 723 confidenter
506 657 650 744 prolatas
678 658 822 724 refutare
845 658 987 740 studuit,
1015 656 1097 721 nihil
1120 644 1199 721 sane

56 758 138 823 fecit
159 745 256 844 quam
279 757 500 840 difficultates
523 762 666 845 quasin
691 762 880 847 quaestione
901 758 959 824 illa
980 760 1104 844 positas
1127 780 1199 822 esse

57 859 149 923 haud
171 859 465 939 dissimulaveram,
490 860 679 926 edisseruit:
704 884 780 926 nam
802 870 927 926 certam
949 882 1021 925 esse
1043 860 1200 925 traditam

58 960 101 1025 de
124 962 347 1047 grammaticis
375 962 448 1027 istis
475 963 664 1031 memoriam
693 966 812 1050 quique
833 962 956 1028 fuerint
977 984 1017 1026 ne
1037 964 1108 1047 ipse
1130 962 1199 1047 qui-

58 1063 134 1128 dem
156 1062 278 1128 docuit.
314 1085 476 1150 quamque
497 1063 658 1130 fluctuans
681 1065 716 1128 in
737 1065 787 1128 his
811 1062 955 1129 tenebris
977 1063 1136 1127 iudicium
1157 1063 1201 1126 sit

59 1162 114 1229 vel
141 1163 207 1228 illis
235 1164 354 1242 elucet,
382 1165 502 1251 quibus
530 1188 595 1246 non
623 1166 722 1231 licere
750 1171 882 1230 ‘ebrii’
910 1187 1027 1230 nomen
1049 1164 1212 1243 omnibusv

58 1265 207 1348 ignotum
228 1267 263 1329 in
284 1265 541 1332 illustrissimum
568 1274 693 1334 Verrii
712 1267 832 1332 mutari
855 1267 1063 1332 adnotatione
1085 1267 1128 1330 ad
1149 1287 1201 1350 ge.

61 1365 111 1430 IV
140 1366 203 1432 120
238 1371 360 1450 ‘intyba
392 1374 551 1450 inebrir',
587 1374 691 1434 intuba
724 1377 760 1434 ia
795 1356 1035 1434 Co'rniliani’
1069 1366 1200 1431 demon-

61 1477 166 1532 strare
189 1479 324 1534 conatus
347 1479 412 1535 est:
436 1470 591 1535 Verrium
614 1471 739 1536 scilicet
761 1473 876 1549 intuba,
901 1490 966 1533 non
989 1475 1092 1549 intyba
1114 1491 1199 1533 oom-

59 1569 288 1634 mendaturum
310 1570 423 1636 fuisse.
454 1594 569 1636 verum
583 1573 683 1655 istud,
706 1595 766 1637 nec
780 1572 877 1636 latuit
898 1593 950 1634 me
965 1569 1075 1634 Verrii
1090 1568 1201 1635 Flacci

60 1670 221 1752 doctm'na,
244 1671 285 1735 de
306 1695 372 1757 qua
393 1696 426 1759 p.
449 1674 509 1737 123
532 1685 565 1739 et
585 1674 648 1738 452
671 1674 791 1739 monui.
822 1673 879 1736 sed
902 1671 1021 1757 ecquid
1043 1671 1105 1737 erit
1127 1693 1200 1756 sup-

58 1770 164 1858 plicii,
195 1773 223 1837 si
250 1773 320 1837 fieri
347 1773 494 1859 potuisse
522 1774 715 1841 audebimus
744 1775 887 1860 opinari,
920 1783 958 1838 ut
989 1781 1202 1837 commutaret
1231 1820 1236 1827 «

60 1871 217 1938 librarius
245 1860 407 1940 vocabula
435 1874 600 1940 simillima
627 1886 660 1941 et
687 1875 772 1942 falso
801 1876 959 1941 tribueret
991 1874 1087 1938 alteri
1114 1872 1202 1960 quod

59 1973 195 2040 alterius
211 1986 312 2058 esset,
334 1999 408 2040 oum
425 1976 559 2042 deberet
574 1978 759 2044 describere
784 1977 880 2042 hacc:
906 1981 1026 2041 ‘intuba
1045 1981 1200 2055 suobrii,

58 2083 164 2166 tatyba
196 2079 237 2140 in
264 2081 520 2144 Caruiliani'?
553 2101 630 2143 nam
655 2079 726 2144 veri
754 2079 832 2166 quid
860 2079 904 2144 sit
929 2077 964 2142 in
991 2077 1052 2140 hac
1080 2075 1202 2142 nebula

58 2177 222 2263 dispicere
250 2188 348 2264 atque
376 2180 549 2245 adfirmare
577 2181 671 2247 nobis
694 2180 886 2247 mortalibus
908 2200 1101 2246 concessum
1123 2200 1201 2243 sane

57 2290 210 2344 nonest.
533 2361 540 2374 .

145 2381 270 2451 Contra
291 2383 458 2448 verissime
485 2385 610 2449 monuit
637 2385 793 2468 Hagenus
809 2365 853 2470 p.
878 2385 940 2448 726
967 2406 1051 2470 quae
1072 2383 1107 2446 in
1128 2405 1201 2468 pro·

55 2481 146 2567 legg.
168 2507 202 2566 p.
226 2483 287 2547 172
315 2485 359 2548 ad
388 2488 557 2550 Terentium
583 2489 733 2551 Scaurum
761 2484 873 2550 rettuli
900 2484 943 2549 ad
971 2483 1201 2550 6611111165

57 2585 95 2646 in
119 2584 252 2650 scholiis
275 2587 375 2650 Bern.
398 2587 569 2668 adnotata,
593 2587 635 2650 ad
658 2596 787 2672 poetam
803 2587 993 2651 Terentium
1016 2584 1134 2669 (Andr.
1150 2584 1200 2649 IV

54 2686 87 2766 3,
114 2687 169 2770 11)
194 2696 351 2773 spectare.

145 2789 198 2852 De
219 2795 323 2853 notis
344 2795 537 2877 criticisa
566 2795 720 2854 Valerio
741 2795 862 2853 Probo
884 2788 1040 2853 adhibitis
1062 2809 1145 2874 quae
1167 2787 1201 2850 in

54 2887 207 2974 prolegg.
231 2890 316 2955 critt.
338 2912 370 2974 p.
396 2889 457 2953 150
477 2912 548 2975 sqq.
571 2901 604 2955 et
626 2899 740 2956 contra
762 2897 1011 2955 Alexandrum
1034 2895 1200 2955 Riesz‘um
1223 2946 1226 2950 .

53 2991 94 3052 in
122 2989 271 3054 eiusdem
298 2990 376 3056 libri
409 2992 612 3075 praefatione
639 3015 670 3077 p.
694 2991 781 3056 VIII
809 3014 879 3078 sqq.
914 2991 1080 3075 disputavi
1113 2978 1201 3054 idem

54 3113 165 3176 nuper
186 3091 331 3155 refutare
354 3101 488 3156 conatus
511 3080 562 3157 est
584 3093 618 3155 in
640 3093 847 3158 Fleckeiseni
869 3092 1041 3157 annalibus
1064 3114 1093 3155 a.
1119 3091 1201 3155 1866

54 3215 92 3276 p.
117 3191 179 3256 868
202 3214 282 3277 sqq„
306 3191 363 3256 sed
385 3191 506 3258 talibus
529 3191 583 3257 ille
606 3195 807 3278 argumentis
830 3216 926 3275 usus,
950 3193 1069 3278 quibus
1093 3193 1199 3257 brevi·

55 3303 112 3357 ter
145 3291 341 3378 respondere
375 3294 454 3357 satis
488 3294 637 3360 habeam.
681 3318 758 3359 nam
790 3297 847 3382 qui
881 3296 915 3359 in
944 3293 1201 3360 commentarioli

54 3394 156 3458 initio
177 3393 258 3457 haec
280 3396 456 3479 scripserat
478 3396 654 3461 Suetonius
677 3397 763 3462 ‘his'
788 3396 848 3480 (66.
870 3397 971 3482 notis)
995 3400 1045 3459 ‘et
1067 3393 1144 3459 olim
1166 3395 1200 3457 in

56 3491 329 3560 adnotationibus
358 3495 458 3560 Ennii
484 3495 605 3560 Lucilii
632 3507 665 3563 et
693 3498 914 3562 scaenicorum
941 3498 993 3560 usi
1020 3507 1096 3561 sunt
1118 3496 1201 3560 Var-

55 3596 214 3679 gunteius
236 3595 433 3682 Laeliusque
455 3607 489 3662 ct
509 3608 674 3682 postremo
697 3604 827 3682 Probata,
851 3605 904 3678 qui
925 3604 994 3662 illas
1015 3604 1047 3661 in
1069 3602 1201 3675 Verqilr'o

55 3707 89 3759 et
116 3701 248 3761 Horatio
276 3708 305 3761 et
326 3702 467 3763 Lucretio
499 3706 641 3780 apposuit
671 3712 710 3765 ut
741 3705 903 3764 Homero
934 3702 1200 3763 Aristarchus’

55 3796 178 3862 habuit
198 3798 345 3884 profecto
368 3820 426 3863 cur
447 3822 513 3864 non
536 3800 576 3865 de
592 3803 639 3866 eis
655 3810 793 3883 tantum,
818 3801 936 3886 quibus
959 3800 1023 3864 alio
1046 3822 1086 3864 ac
1101 3800 1199 3864 ceteri

10 3956 18 3969 ,
57 3897 211 3979 consilio,
240 3898 298 3963 sed
320 3899 361 3964 de
383 3902 429 3965 cis
453 3923 597 3987 quoque,
626 3903 744 3987 quibus
772 3901 863 3967 solus
891 3899 944 3966 vel
971 3903 1095 3986 primus
1122 3922 1199 3964 usus

57 4008 134 4062 erat
160 4000 389 4082 Aristarchus,
416 4003 581 4088 expressis
610 4003 721 4068 verbis
755 3986 944 4067 adfirmaret
976 4001 1201 4066 auctoritatem

57 4099 131 4163 eius
159 4109 306 4164 secutum
334 4124 406 4166 esse
427 4102 581 4168 Probum.
627 4104 662 4185 in
684 4102 817 4190 reliquis
840 4114 965 4184 autem,
989 4124 1129 4193 quarum
1146 4101 1200 4168 vel

57 4201 240 4265 communis
267 4203 417 4269 omnibus
446 4202 500 4268 vel
527 4212 655 4288 spretus
684 4205 817 4290 quidem
845 4203 887 4269 ab
909 4203 1117 4285 Aristarcho,
1141 4202 1199 4267 sed

57 4325 127 4368 non
154 4301 266 4368 varius
295 4303 381 4389 apud
412 4313 536 4370 ceteros
557 4327 637 4370 usus
658 4306 784 4387 fuerat,
808 4327 865 4369 cur
886 4305 1019 4369 tandem
1041 4303 1082 4368 de
1104 4304 1200 4368 Lati-
