2820 4770
677 310 930 353 Pnouunoltnuon

386 490 444 538 vate
467 481 610 556 Syracosio
634 483 681 554 qui
703 481 809 538 dulcior
831 480 1006 553 Hesiodoque

435 568 533 632 maior,
557 565 691 622 Homereo
713 583 768 622 non
791 566 879 622 minor
902 582 950 621 ore
973 558 1072 635 lluit,¹)

384 650 456 706 illius
479 650 546 707 haee
568 667 677 725 quoque
699 643 797 726 sunt²)
820 651 902 706 divini
924 648 1056 706 elementa
1079 656 1176 721 poetae

433 743 461 791 et
483 736 558 802 rudis
567 728 589 808 3)
612 737 641 791 in
663 738 736 792 vario
759 735 877 791 carmine
899 732 1028 808 Calliope.

313 866 398 938 Quod
421 886 529 948 eorpus
552 885 627 944 quae
650 865 837 948 complexum
852 883 971 946 quoque
993 864 1078 926 titulo
1094 864 1267 942 insignitum
1281 864 1374 925 luerit

208 970 394 1051 nescimus:
424 968 516 1030 nolim
539 970 617 1030 enim
640 969 752 1031 Naelrio
775 968 938 1038 adsentire,
968 968 1036 1046 quia
1059 965 1212 1027 catalectis
1233 949 1265 1025 in
1287 965 1374 1027 libris

229 1072 339 1131 nostris
365 1070 530 1132 subiectum
554 1079 599 1132 est
621 1073 802 1152 epigramma
824 1069 912 1141 illud,
941 1068 978 1129 ad
1002 1068 1076 1129 haee
1097 1075 1212 1129 tantum
1235 1074 1374 1148 spectare

229 1174 379 1233 statuenti.
424 1191 492 1232 nam
524 1175 655 1249 quamvis
682 1191 784 1233 verum
808 1171 845 1232 de
867 1172 914 1231 his
937 1172 975 1231 sit
998 1168 1075 1249 quod
1100 1169 1170 1230 dicit
1191 1169 1283 1230 ‘vario
1309 1185 1373 1227 ear·

229 1275 337 1344 mine',
365 1282 464 1335 tamen
492 1276 578 1335 rudis
601 1273 731 1353 Calliope
757 1276 789 1334 in
811 1273 890 1343 aliis,
921 1271 1052 1332 velutin
1075 1270 1168 1332 culice
1191 1273 1246 1331 ciri
1268 1273 1373 1338 Aetna,

228 1375 320 1435 r‘nulto
343 1377 442 1436 verius
465 1373 554 1454 quarn
576 1377 608 1436 in
632 1374 686 1436 hae
701 1377 828 1436 maxima
844 1394 879 1435 ex
896 1381 980 1454 parte
1000 1372 1289 1452 elegantissimorum
1307 1389 1371 1431 car-

228 1479 340 1537 minum
374 1475 486 1555 sylloge
514 1476 758 1556 deprehenditur.
802 1478 894 1537 immo
926 1474 1062 1536 iuvenilis
1093 1493 1220 1555 poeseos
1251 1473 1373 1552 corpori

228 1580 349 1639 omnino
379 1579 538 1639 convenire
565 1577 681 1639 videtur
707 1580 887 1657 epigramma
909 1575 997 1647 illud,
1027 1576 1197 1656 quodcum
1221 1573 1374 1636 catalectis

227 1679 424 1761 subscriptum
448 1679 536 1741 hodie
558 1678 683 1758 legatur,
706 1680 832 1741 fortasse
854 1679 928 1741 haee
951 1697 1056 1757 agmen
1080 1676 1150 1738 olim
1174 1676 1357 1737 clauserunt.

312 1781 372 1843 Sed
400 1780 436 1841 de
463 1781 520 1842 hoc
553 1782 617 1861 ipso
647 1785 820 1844 catalecton
852 1782 973 1842 nomine
1007 1781 1129 1857 eiusque
1162 1780 1284 1838 notione
1312 1795 1372 1836 non

229 1886 299 1945 satis
332 1890 454 1944 constat.
500 1901 568 1944 nam
598 1902 663 1944 cum
697 1885 842 1944 Ausonius
873 1884 905 1942 in
939 1880 1269 1960 grammatico-mastige
1297 1897 1322 1936 v.
1351 1873 1372 1938 5

229 1986 267 2065 (p.
297 1982 360 2047 203
388 1983 434 2045 ed.
459 1984 534 2063 Bip.)
567 1987 733 2046 ‘catalecta
760 1983 908 2045 Maronis'
937 1990 971 2044 ut
997 1983 1085 2059 vulgo
1114 1981 1255 2042 dicuntur
1284 1977 1369 2056 ‘quid

228 2087 409 2164 significent'
446 2093 584 2164 quaerat,
623 2088 654 2146 in
691 2084 774 2147 libris
812 2104 914 2146 eorum
951 2085 1011 2145 HR
1045 2086 1236 2160 acatalepton,
1278 2083 1310 2141 in
1345 2082 1370 2141 Z

228 2185 502 2248 CATHELEPTON
529 2175 671 2266 inscripta
700 2195 767 2248 sunt
795 2185 888 2266 (caret
914 2186 1001 2247 titulo
1029 2184 1082 2264 B),
1115 2183 1195 2263 quod
1221 2199 1366 2242 memora·

228 2287 282 2348 bili
316 2288 405 2349 modo
442 2289 578 2350 mmatur
613 2288 741 2350 Parisini
777 2288 886 2349 oodiris
918 2289 950 2347 in
983 2288 1040 2346 vita
1075 2286 1216 2347 Serviane
1249 2282 1366 2362 Vergilii

227 2423 376 2503 scriptura
408 2380 591 2500 ramlesston.
641 2423 688 2484 his
715 2425 806 2500 igitur
834 2431 932 2483 motus
959 2421 1077 2482 indiciis
1104 2422 1198 2501 possit
1225 2419 1364 2499 quispiam

226 2523 346 2603 Berglrii
379 2526 558 2594 sententiae,
593 2543 680 2604 quam
708 2523 761 2584 ille
787 2527 866 2585 inter
894 2525 994 2586 theses
1021 2541 1089 2585 suas
1117 2520 1311 2603 philologioas
1337 2523 1363 2582 in

227 2644 302 2687 mus.
331 2625 425 2686 Rhen.
452 2625 561 2706 Xiip.
586 2622 649 2686 291
689 2627 962 2705 quinquagesimam
1007 2623 1168 2685 secundam
1206 2623 1362 2703 proposuit

227 2726 415 2806 adstipulari,
449 2728 542 2787 luisse
574 2715 720 2807 poematia
746 2727 913 2805 Vergiliana
946 2744 1015 2786 vero
1048 2727 1167 2785 nomine
1195 2727 1370 2800 eatalepton

227 2828 273 2889 vel
302 2821 387 2889 nord
415 2824 541 2889 λεπτόν
575 2828 735 2909 appellata,
773 2829 851 2889 unde
881 2827 994 2906 vulgari
1024 2845 1092 2886 mox
1121 2844 1177 2886 usu
1205 2829 1375 2903 acatalepton,

227 2931 290 2990 t'um
318 2931 476 3017 temerarie¹
510 2931 679 2990 coniectura
713 2938 781 2990 ante
812 2931 933 2990 Ausonii
961 2936 1086 2989 aetatem
1115 2931 1268 2989 catalecta
1294 2927 1383 2989 laeta

227 3033 295 3092 sint.
340 3033 423 3092 ouius
446 3031 523 3093 tituli
545 3033 718 3110 significatio
748 3030 921 3111 explicanda
944 3033 1000 3091 erit
1023 3028 1165 3111 exemplis
1186 3021 1379 3090 huiusmodi:

227 3137 277 3194 ‘ne
299 3135 376 3194 forte
399 3150 526 3210 quaeras
549 3125 634 3194 nard
655 3130 779 3194 λεπτὸν
807 3133 843 3193 de
866 3133 991 3211 singulis
1013 3132 1115 3193 rebus'
1140 3133 1199 3193 Cio.
1223 3131 1260 3192 ad
1282 3132 1381 3193 lane.

227 3236 253 3296 ll
277 3232 325 3305 18,
347 3232 382 3304 2;
407 3228 492 3296 mund
514 3228 639 3296 λεπτὸν
660 3231 717 3296 καὶ
739 3229 887 3314 ἀκριβῶς
908 3231 986 3316 περὶ
1008 3227 1156 3296 ὁτουοῦν
1178 3229 1387 3314 πράγματος

229 3333 445 3414 διαλέγεσθαι
460 3337 619 3418 Phrynich.
636 3339 666 3396 in
681 3335 811 3397 Beklreri
826 3337 928 3398 anecd.
942 3355 972 3416 p.
982 3333 1035 3404 48,
1049 3333 1103 3408 16;
1121 3331 1247 3396 εἰδέναι
1261 3331 1383 3396 πάντα

228 3430 312 3498 κατὰ
340 3433 464 3498 λεπτόν
491 3439 587 3500 Tzetz.
611 3437 702 3518 Exeg.
725 3438 752 3499 Il
772 3458 801 3518 p.
828 3434 897 3509 147,
920 3436 956 3512 33
993 3431 1131 3518 νιφετὸς
1158 3428 1178 3516 ἡ
1209 3428 1293 3497 κατὰ
1315 3434 1380 3495 le-

228 3532 313 3600 πτὸν
343 3537 600 3621 καταφερομένη
629 3537 712 3620 gralo
734 3541 815 3602 Suid.
841 3548 869 3601 et
895 3539 981 3600 Phot.
1026 3547 1059 3599 ut
1091 3539 1256 3599 carminum
1287 3530 1374 3598 κατιὶ

229 3633 353 3721 λεπτὸν
374 3639 451 3702 liber
472 3640 607 3702 videatur
629 3641 783 3702 habendus
806 3661 870 3704 esse
894 3630 943 3722 qui
965 3642 996 3701 in
1019 3647 1124 3701 tenues
1146 3639 1287 3719 quasdam
1302 3656 1368 3718 par·

228 3742 334 3837 tloulag
358 3741 404 3802 vel
427 3741 545 3821 eclogas
573 3744 656 3820 quasi
675 3745 711 3803 in
733 3741 798 3803 filos
820 3743 972 3811 diductus,
1002 3760 1062 3802 non
1084 3740 1196 3801 solidus
1217 3748 1268 3801 aut
1290 3758 1362 3801 com·

228 3851 331 3924 pactus
353 3842 397 3903 vel
421 3862 480 3904 uno
503 3846 628 3906 stamine
649 3852 802 3924 pertextus
824 3845 863 3905 sit
884 3853 916 3904 ut
937 3846 1050 3905 maiora
1071 3849 1179 3922 poetae
1195 3859 1295 3922 opera,
1317 3841 1372 3927 sed·

228 3942 435 4006 miscellaneus
463 3954 492 4007 et
519 3948 608 4007 variis
635 3948 738 4023 eisque
766 3945 878 4026 pusillis
905 3945 1039 4025 reliqniis
1068 3943 1220 4005 oonllatus.
1268 3960 1360 4022 quam·

229 4064 318 4124 quam
340 4048 441 4108 neseio
465 4067 502 4108 an
526 4044 642 4128 disponi
657 4049 768 4108 rectius
784 4055 813 4108 et
829 4047 1027 4108 discriminari
1042 4044 1088 4108 vel
1110 4046 1168 4125 legi
1183 4044 1228 4107 vel
1244 4046 1360 4108 discindi

229 4147 303 4208 adeo
330 4157 360 4209 et
389 4149 520 4229 dispergi
548 4142 632 4209 κατὰ
660 4141 800 4228 λεπτὸν,
835 4166 909 4225 quae
937 4150 1053 4209 fuerant
1081 4150 1258 4228 composita,
1290 4147 1361 4229 dieas

297 4351 318 4423 ¹)
337 4353 391 4404 luit
407 4352 458 4402 ΗΖ
525 4350 547 4420 ²)
566 4351 622 4401 sint
640 4350 669 4400 H
736 4347 757 4418 ³)
770 4350 850 4408 ¹rudis
868 4351 969 4402 BHRZ
986 4352 1060 4402 rudit
1077 4350 1156 4418 uulgo.
