2820 4770
607 272 707 316 oneu'r
730 275 776 315 111.
1220 255 1263 319 53

141 458 243 518 cunque
272 438 342 501 olim
372 441 403 499 in
426 439 506 501 silvis
534 441 642 501 cecinit
664 449 761 519 poeta.
808 450 869 502 tum
892 443 917 503 si
939 440 996 502 hoc
1020 440 1172 511 voluisset,
1202 462 1261 504 non

140 543 243 625 anquins
265 541 367 604 silvam
390 549 594 602 resonaturam
619 561 683 604 esse
706 562 826 604 carmen
849 542 930 614 illud,
955 563 1014 605 non
1029 562 1120 622 saepe
1134 542 1261 607 debebat

139 647 240 712 addere:
269 661 338 704 narn
366 641 469 704 relicta
497 642 567 704 silva
591 652 658 723 post
680 644 845 706 discessum
868 647 997 706 cantoris
1019 665 1057 707 ue
1080 645 1170 706 semel
1194 649 1258 727 qni·
1322 637 1324 640 Α

138 752 189 813 deur
214 745 276 806 eius
305 763 407 804 vocem
437 743 564 805 reddere
592 752 708 823 poterat
736 747 819 806 echo.
866 745 993 825 denique
1022 747 1164 808 abhorret
1194 747 1260 809 talis

136 845 246 933 querella
269 865 284 906 a
308 854 478 907 ceterorum
506 865 643 907 versuum
672 847 907 921 intercalarium,
937 847 1098 925 inquibus
1121 850 1259 909 Battarus

134 957 209 1016 inest,
237 947 393 1008 sententia.
438 965 494 1006 nec
522 955 604 1007 certa
634 947 707 1007 fides
737 956 781 1008 est
809 949 928 1009 voculae
956 967 1026 1022 nec,
1060 968 1114 1028 pro
1143 966 1200 1026 qua
1228 951 1259 1009 in
1317 1024 1321 1032 Ι

131 1053 258 1116 Thoaneo
291 1050 392 1116 Haec,
425 1049 455 1106 in
484 1046 713 1108 llelmstadiensi
739 1051 805 1110 Hec
834 1049 972 1119 traditur,
1008 1056 1040 1111 ut
1067 1069 1193 1130 pronum
1221 1052 1259 1111 sit

129 1149 274 1215 emendare

264 1272 319 1328 hoc
343 1272 407 1326 inihi
423 1256 510 1346 'saepe
533 1288 622 1328 nrenru
645 1273 792 1336 resonabit,
815 1275 931 1336 Battare,
954 1291 1061 1331 carmen

127 1407 227 1468 leniore
250 1402 383 1464 remedio
406 1420 494 1483 quam
517 1423 575 1482 quo
599 1423 669 1464 usus
692 1411 736 1464 est
759 1404 953 1474 Gochbelius,
978 1407 1028 1483 qni
1050 1404 1196 1467 levissima
1220 1407 1256 1467 dc

128 1524 206 1569 eausa
232 1504 335 1565 decem
364 1523 500 1564 versuum
528 1504 679 1584 stropham
709 1505 852 1567 excidisse
880 1507 1020 1578 coniecit,
1056 1506 1134 1567 unde
1163 1527 1187 1567 v.
1215 1504 1257 1567 30

128 1609 233 1670 ultimus
255 1604 377 1666 relictus
400 1606 446 1666 sit.
492 1605 616 1684 pulchre
640 1608 718 1666 enim
741 1607 795 1667 hos
818 1609 900 1686 ipsos
923 1627 1039 1677 versuS,
1065 1607 1173 1685 quibus
1195 1609 1255 1668 lor·

128 1726 215 1772 mosae
237 1704 353 1783 sibique
377 1705 585 1767 dilectissimae
608 1707 696 1767 silvae
718 1708 776 1767 lata
799 1707 890 1786 luget,
914 1709 1036 1787 ‘saepe'
1060 1709 1115 1769 sibi
1139 1710 1169 1768 in
1193 1728 1253 1769 nie-

128 1809 244 1881 noriam
259 1807 408 1869 redituros
431 1826 497 1868 esse
520 1807 655 1868 adlirmat
677 1809 743 1869 exul
766 1812 856 1870 socio.

200 1908 339 1986 Sequitur
361 1908 429 1970 inde
453 1927 468 1969 a
492 1929 516 1967 v.
540 1906 581 1970 48
605 1912 689 1971 tertia
712 1910 844 1972 dirarum
866 1931 944 1991 pars
974 1929 1029 1989 qna
1053 1911 1255 1972 inundationis

127 2029 221 2092 genera
244 2012 323 2071 varia
347 2017 537 2090 exoptantur:
562 2013 608 2071 cui
632 2011 786 2091 ephqmnia
810 2014 983 2091 interposita
999 2012 1124 2091 legimus
1141 2013 1198 2075 duo
1213 2008 1256 2074 54

288 2151 394 2205 tristius
417 2150 477 2212 hoc,
502 2152 619 2213 memini,
644 2153 776 2207 revocasti
799 2152 905 2208 Battara
928 2168 1035 2207 carmen

126 2241 150 2293 et
169 2230 219 2292 71:

286 2319 394 2376 dulcius
417 2320 478 2382 hoe,
502 2322 619 2384 memini,
643 2323 776 2377 revocasti
799 2321 906 2376 Battare
928 2337 1046 2377 carmen.

124 2473 148 2530 in
174 2467 279 2548 quibus
306 2466 351 2528 vel
378 2472 500 2529 memini
526 2467 598 2528 illud
627 2468 733 2528 docere
761 2471 940 2547 interpretes
967 2476 1097 2547 poterat,
1125 2487 1185 2528 non
1214 2467 1251 2527 de

125 2578 201 2632 cantu
229 2571 329 2630 neseio
358 2588 417 2648 quo
446 2587 524 2629 nunc
554 2589 570 2629 a
598 2570 718 2630 Battaro
747 2570 858 2629 inserto
890 2587 1058 2629 sermonem
1089 2587 1167 2637 esse,
1198 2568 1250 2628 sed

124 2672 181 2733 dum
214 2672 323 2750 repetit
350 2671 503 2749 praeteriti
531 2672 672 2749 temporis
700 2672 887 2739 memoriam,
922 2671 1092 2729 meminisse
1120 2687 1152 2729 se
1180 2668 1251 2729 dicit

124 2781 198 2852 poeta
222 2789 309 2849 quarn
334 2771 421 2830 modo
443 2772 521 2831 tristi
544 2771 631 2830 modo
655 2769 733 2831 dulci
756 2789 829 2831 sono
852 2769 948 2831 fistula
973 2770 1084 2830 Battari
1107 2769 1184 2829 hanc
1208 2768 1252 2829 vel

125 2875 191 2934 illam
213 2872 379 2952 stropham,
410 2891 476 2932 curn
501 2873 629 2950 primum
652 2879 766 2932 cantata
790 2872 836 2940 sit,
860 2872 1055 2940 revocaverit,
1079 2870 1107 2942 h.
1133 2889 1157 2930 e.
1183 2888 1251 2948 pro·

125 2983 211 3036 seenta
238 2973 338 3033 luerit.
385 2973 499 3044 tristius
525 2980 878 3033 autemconsentaneum
902 2981 946 3034 est
969 2991 1037 3033 eum
1060 2979 1251 3051 prosecutum

125 3095 177 3137 esse
202 3076 438 3139 execrationem,
473 3092 529 3152 qua
557 3075 588 3134 in
611 3074 711 3153 Syrtin
740 3072 862 3133 alteram
892 3081 924 3132 ut
953 3072 1161 3134 fecundissima
1180 3080 1252 3133 'arva

126 3183 296 3238 nourentur
319 3181 470 3254 optaverat
492 3174 639 3235 dominus.
676 3177 773 3234 minus
795 3174 882 3234 laeile
904 3174 1091 3252 perspicitur,
1115 3191 1168 3233 cur
1192 3172 1250 3232 lae·

125 3280 171 3338 tior
191 3275 235 3337 vel
250 3275 373 3352 „dulcior
396 3275 510 3337 fistulae
534 3285 637 3336 cantus
661 3283 727 3354 post
748 3274 796 3334 illa
819 3273 1147 3343 toe1·ir,.ubissumma
1170 3275 1251 3332 invo-

125 3388 229 3448 cantur,
254 3386 287 3440 ut
310 3378 410 3439 ellusis
433 3395 486 3456 per
509 3395 628 3456 campos
651 3376 788 3437 lluctibus
811 3394 869 3436 non
893 3377 991 3435 minus
1014 3373 1132 3434 inutiles
1156 3382 1251 3434 arato·

126 3480 193 3541 rihus
215 3481 345 3540 efficiant
366 3495 453 3556 agros
477 3496 563 3554 quarn
587 3481 738 3539 invocatus
759 3496 848 3556 supra
864 3476 1028 3554 Neptunus
1066 3494 1133 3535 narn
1151 3475 1252 3536 Naehii

126 3582 313 3660 interpretatio
336 3579 408 3640 lerri
430 3597 489 3639 non
512 3586 618 3658 potest,
642 3598 699 3658 qna
721 3578 815 3638 delicis
838 3578 908 3638 olim
932 3578 1076 3656 temporis
1099 3577 1250 3637 recordari

129 3689 232 3760 putator
260 3688 365 3760 poeta,
397 3697 464 3740 cunr
495 3679 597 3739 dulces
626 3679 731 3740 modos
759 3680 896 3739 Battarus
925 3676 1147 3747 modulabatur,
1179 3678 1251 3738 tales

132 3783 246 3858 quidem,
276 3783 307 3842 in
336 3779 438 3861 quales
466 3799 559 3847 nunc,
591 3781 659 3841 dum
688 3781 841 3860 proximos
869 3798 972 3839 versus
999 3781 1146 3856 sequitur,
1175 3779 1252 3839 lorte

115 3885 227 3944 lortena
249 3881 410 3942 incidisset.
456 3884 612 3943 temeraria
637 3899 705 3942 vero
729 3879 883 3942 Goehbelii
905 3881 1005 3958 opinio
1029 3886 1088 3949 est,
1112 3881 1161 3958 qni
1185 3898 1251 3940 sen·

115 3964 199 4044 ¹'sunu
220 3983 300 4044 nulla
322 3985 438 4044 ratione
460 3983 559 4045 habita
582 3982 704 4043 alternis
727 3980 839 4042 vicibus
861 3984 976 4042 tristius
998 3990 1065 4060 post
1087 3999 1111 4039 v.
1129 3978 1178 4040 53.
1200 3976 1250 4040 62.

137 4083 176 4154 ll,
194 4088 309 4147 dulcius
337 4093 405 4163 post
427 4103 452 4144 r.
475 4081 525 4146 57.
549 4081 599 4145 65.
623 4081 664 4144 66
693 4083 817 4143 rediisse
841 4090 974 4144 statuens
1002 4090 1106 4159 quater
1128 4099 1181 4141 sno
1205 4100 1249 4141 ar-

140 4185 204 4246 hitrio
225 4187 351 4247 inseruit
374 4204 489 4247 versum
514 4202 609 4262 eoque
632 4183 695 4245 solo
719 4183 784 4245 loco
808 4184 859 4247 ubi
881 4183 1006 4245 traditur
1028 4182 1113 4244 libris
1135 4184 1252 4244 dulcius

143 4289 234 4348 nutant
254 4290 285 4348 in
308 4290 431 4349 tristius.
448 4314 460 4334 ·
477 4289 567 4348 imnro
590 4285 670 4347 solus
694 4293 754 4348 toto
777 4288 809 4346 in
832 4287 962 4347 carmine
983 4283 1082 4356 locus,
1112 4286 1163 4365 qni
1186 4283 1250 4346 dul·
