2820 4770
86 283 88 287 ’
131 279 173 354 20
576 299 828 355 raocncoucnou

133 497 199 540 esse
222 486 251 539 et
272 480 302 538 in
327 477 457 538 tabernis
473 476 701 557 bibliopolarum
722 464 896 558 prostitisse.
936 475 1030 537 alteru
1045 476 1189 537 Martialis
1212 470 1240 536 io

110 572 206 660 '(v111
227 577 278 650 56,
302 577 352 658 20)
576 570 582 580 ’

284 719 410 792 protinus
431 719 534 775 ltaliam
558 720 683 791 concepit
705 727 733 774 et
755 734 829 774 arma
851 720 1000 791 virumque,

336 805 384 877 qui
405 804 487 860 modo
509 803 552 859 vix
574 802 688 861 culicem
711 802 822 858 llevcrat
842 819 891 858 ore
913 803 975 859 rudi

131 953 295 1014 accuratius
317 952 389 1012 nibil
413 951 585 1012 edocemur:
609 952 661 1012 ubi
683 952 826 1011 acuminis
849 968 937 1010 causa
959 947 1082 1010 culicem
1100 958 1160 1011 tam
1176 950 1241 1011 subi·

34 1123 37 1128 ,
131 1056 263 1115 insecuta
286 1054 379 1114 luisse
394 1055 502 1115 aeneis
525 1049 641 1113 dicitur}
687 1053 815 1130 denique
838 1060 973 1112 nostrum
996 1071 1101 1130 poema
1123 1060 1241 1130 tamquar

130 1155 329 1233 Vergilianum
354 1155 451 1216 laudat
473 1155 586 1217 Nonius
608 1174 637 1233 p.
662 1151 733 1222 211,
756 1151 798 1214 26
821 1172 846 1213 v.
871 1152 1016 1222 labrusca,
1040 1153 1091 1213 ubi
1114 1173 1139 1214 v.
1157 1150 1198 1214 53
1218 1173 1241 1214 a(

131 1256 240 1318 lentur:
270 1256 375 1334 quodsi
403 1255 599 1316 demonstrari
627 1263 729 1334 posset
756 1254 834 1314 hunc
863 1272 982 1333 quoqne
1005 1253 1123 1313 titulum
1149 1264 1181 1314 ut
1201 1254 1241 1316 alit

132 1357 264 1418 eiusdem
286 1359 404 1434 generis
417 1338 533 1417 ⁴multos
557 1356 602 1436 (cl.
620 1357 657 1417 M.
675 1357 786 1416 Hertzii
808 1355 845 1415 de
867 1359 899 1415 A.
916 1354 1010 1416 Gellio
1034 1362 1063 1416 et
1083 1355 1181 1415 Nonio
1195 1355 1241 1416 Mar

117 1457 206 1518 cello
222 1457 436 1518 dissertationis
450 1461 480 1519 in
498 1457 653 1518 annalibus
668 1456 853 1517 Fleckeiseui
870 1474 894 1516 a.
915 1452 997 1516 1862
1011 1458 1143 1517 insertae
1158 1475 1187 1536 p.
1200 1452 1241 1518 itt

82 1618 85 1629 ,
132 1578 168 1619 ex
189 1559 298 1620 Valerii
321 1558 410 1620 Probi
439 1560 658 1619 commentariis
682 1565 832 1635 sumptum
857 1576 936 1627 esse,
966 1557 1145 1619 haberemus
1168 1557 1241 1618 Siteto

133 1663 239 1720 nianae
262 1661 423 1721 memoriae
446 1667 597 1734 auctorem
621 1660 837 1738 gravissimum.

216 1795 390 1855 Elfieiuntur
418 1793 476 1855 illis
505 1794 641 1855 omnibus
670 1802 751 1856 certa
779 1795 867 1864 baec,
897 1795 985 1854 tertio
1007 1813 1036 1872 p.
1062 1793 1131 1855 cin,
1155 1794 1239 1856 saecul

131 1904 266 1958 nostrum
289 1896 413 1957 culicem
435 1914 490 1975 pro
513 1896 680 1973 Vergiliano
704 1895 836 1956 habitum
860 1913 940 1963 esse;
971 1895 1145 1957 Suetonium
1168 1897 1196 1956 in
1216 1915 1241 1956 cr

133 1998 256 2077 cmplari
279 2016 333 2058 suo
356 2016 423 2057 cum
447 2005 655 2074 argumentum
679 1999 848 2059 universum
871 1999 1015 2076 poematis
1037 2005 1101 2058 tum
1117 1994 1241 2058 dnusulti

134 2118 198 2159 mos
221 2116 322 2158 versus
338 2098 457 2159 eosdem
472 2095 650 2178 repperisse,
674 2117 748 2177 quus
762 2100 793 2158 in
809 2099 918 2158 nostris
933 2097 1021 2158 bodie
1036 2097 1178 2177 legimus;
1201 2115 1241 2158 reu

132 2201 222 2261 ditata
243 2200 335 2260 luisse
358 2219 460 2261 versus
482 2203 570 2280 primi
592 2219 621 2278 p.
639 2200 707 2262 Chr.
731 2200 839 2260 saeculi
863 2201 951 2260 linem
974 2199 1077 2261 culicis
1093 2199 1241 2279 exemplari

132 2322 148 2362 a
171 2303 279 2361 ceteris
294 2301 422 2362 Maronis
444 2302 584 2382 operibus
606 2309 750 2382 separata,
775 2319 862 2381 quem
878 2319 933 2379 pro
949 2300 1119 2379 Vergiliano
1135 2305 1241 2379 poemat

132 2403 300 2464 babuerunt
325 2403 468 2463 Martialis
496 2414 525 2464 et
547 2405 673 2473 Statius3
702 2410 805 2464 notum
832 2402 922 2463 luisse
945 2401 1063 2462 Luc-ano
1091 2401 1239 2462 adulesccn

132 2503 176 2564 vel
200 2503 421 2564 adulescentulo
444 2503 540 2564 lusum
563 2505 702 2573 Maronis,
719 2522 779 2563 nun
795 2512 893 2564 autem
909 2522 924 2563 a
939 2520 1044 2582 puero,
1061 2504 1112 2563 sed
1136 2504 1241 2563 aiuven

132 2605 222 2665 xxvl
237 2605 301 2664 lere
323 2623 467 2665 antrorum
490 2612 587 2666 ortum
611 2607 761 2684 accepisse
778 2604 901 2665 Statium
918 2612 947 2663 et
969 2604 1093 2664 fortasse
1108 2603 1241 2664 Lucanun

219 2705 297 2782 Ergo
320 2707 487 2767 testimonia
510 2709 644 2785 quamvis
666 2706 734 2768 talia
757 2724 815 2766 non
838 2708 905 2776 sint,
924 2713 955 2765 ut
977 2705 1132 2766 dubitandi
1154 2704 1190 2795 de
1210 2723 1241 2764 or]

132 2807 201 2884 gine
216 2808 361 2884 poematis
377 2808 473 2867 nostri
489 2808 548 2867 vias
564 2827 667 2868 omncs
682 2806 884 2887 praecludent,
903 2815 1001 2867 tamen
1018 2807 1075 2867 nisi
1090 2807 1238 2885 gravissim

132 2909 315 2986 argumentis
337 2909 501 2979 evincatur,
531 2928 589 2969 nou
618 2928 706 2988 posse
736 2909 896 2986 Vergilium
927 2909 989 2968 eius
1018 2915 1169 2968 erectorem
1196 2925 1241 2967 ess·

132 3010 292 3069 memoriae
321 3011 459 3086 antiquae
487 3009 602 3070 lucilius
630 3028 719 3090 quam
747 3012 946 3071 recentiorum
976 3010 1156 3069 coniecturis
1184 3008 1241 3068 [ider

132 3108 316 3170 babebimus.
361 3128 428 3170 nani
455 3110 595 3172 Octauius
622 3131 696 3190 puer
720 3111 918 3186 venerantius,
948 3113 996 3171 eui
1019 3110 1099 3171 lusus
1123 3118 1168 3170 est
1190 3109 1241 3170 ded

132 3219 228 3281 catus,
252 3212 317 3290 quis
340 3212 429 3272 luisse
453 3213 584 3273 videatur
605 3231 694 3292 supra
716 3214 957 3290 significavimus,
982 3230 1036 3272 nec
1059 3212 1216 3291 quidquam
1236 3212 1241 3269 i

133 3319 193 3371 toto
214 3313 370 3391 prooemio
392 3315 479 3383 inest,
504 3314 583 3391 quud
607 3313 706 3383 alium,
731 3314 810 3374 velut
825 3314 981 3374 Caesarem
998 3311 1203 3383 Octavianum,
1223 3314 1241 3372 ir

131 3412 231 3490 tellegi
253 3413 381 3476 suadeat.
425 3417 474 3492 qui
497 3434 564 3476 cum
588 3415 700 3476 Octavii
723 3434 831 3476 numen
855 3415 1026 3494 deposuerit
1048 3433 1151 3475 mense
1174 3413 1241 3477 med

130 3513 223 3592 Aprili
251 3535 276 3575 a.
300 3512 376 3584 itu,
411 3534 587 3594 quamquam
619 3519 651 3576 iu
681 3515 815 3596 epistulis
843 3517 947 3577 Cicero
975 3517 1085 3576 retinet
1113 3533 1241 3601 usque-a

132 3615 337 3687 Novembrem,
362 3616 433 3676 laisa
455 3625 555 3678 essent
577 3619 676 3678 omnia
698 3637 773 3696 quae
796 3618 872 3697 apud
896 3618 1070 3678 Suetonium
1094 3626 1241 3694 ceterosqa

132 3716 169 3776 de
196 3718 268 3777 inita
296 3717 386 3779 multo
414 3725 483 3797 post
509 3737 563 3799 per
585 3721 718 3780 Asinium
741 3717 920 3788 Pollionem,
951 3717 1122 3779 Cornelium
1145 3716 1241 3778 Gallur

131 3817 331 3879 Maecenatem
358 3817 554 3880 familiaritate
582 3821 661 3880 inter
683 3828 799 3898 poetam
824 3827 957 3880 nostrum
982 3826 1011 3879 et
1033 3819 1191 3880 Caesarem
1212 3828 1240 3880 tr

130 3919 250 3987 duntur,
276 3921 302 3980 si
323 3938 419 3999 puero
443 3922 540 3991 etiam,
564 3938 652 3997 quem
675 3923 705 3980 in
728 3922 878 3981 cummuni
900 3920 997 3999 Epidii
1019 3920 1147 3980 rlretoris
1171 3921 1241 3981 seha

75 4050 78 4058 ¹
131 4021 252 4091 viderat,
275 4022 332 4082 iam
356 4030 425 4080 ante
448 4040 557 4082 annum
580 4019 640 4082 111
665 4040 784 4081 carmen
808 4030 865 4080 tam
889 4020 998 4082 malum
1020 4022 1197 4100 praesertim
1220 4020 1240 4080 d

130 4123 229 4183 dicare
260 4109 351 4182 ausus
380 4129 466 4184 esset.
512 4123 589 4200 quod
621 4122 662 4182 illi
690 4123 815 4183 fortasse
849 4125 937 4183 etiam
965 4124 1043 4182 inter
1070 4131 1187 4184 veteres
1216 4122 1241 4182 si

129 4233 358 4301 persuaserunt,
399 4224 449 4302 qui
477 4242 554 4284 anno
577 4219 640 4284 710
667 4225 774 4284 lactum
804 4243 867 4284 csse
896 4231 1062 4284 statuerunt
1088 4232 1121 4283 ut
1143 4223 1241 4284 Statiu

129 4324 206 4403 quod
230 4326 253 4384 si
276 4331 438 4396 constaret,
462 4340 622 4405 numquam
646 4325 800 4386 crederem
823 4324 980 4385 molestum
1005 4334 1033 4386 et
1055 4327 1142 4404 inops
1163 4343 1241 4405 poen
