2820 4770
549 312 650 355 carun
672 314 694 355 1.
1173 289 1194 355 3

43 496 137 556 quem
161 475 357 558 particulatim
379 477 425 538 vel
446 478 546 539 filatim
569 481 708 559 componi
731 486 760 540 et
777 482 962 559 congregari.
1001 479 1093 541 multo
1112 489 1193 541 certe

45 588 79 641 ct
100 579 219 660 planior
242 587 271 640 et
293 579 454 660 simplicior
482 585 653 642 catalecton
675 581 795 654 titulus,
825 600 1003 662 quamquam
1026 581 1194 661 exemplum

46 701 109 761 quo
132 689 217 743 tuear
239 699 300 742 non
322 681 427 752 habeo,
449 690 482 743 ut
504 680 696 744 collectorum
720 692 748 745 et
769 686 801 745 in
824 685 903 745 idem
927 702 1035 764 corpus
1055 692 1192 763 recepto-

46 803 117 844 rum
141 785 318 851 carminum,
343 785 394 858 qui
414 791 535 862 praeter
556 785 679 846 Ausonii
701 788 909 847 auctoritatem
932 787 1100 846 confirmari
1115 785 1195 846 vide-

47 892 98 946 tur
130 887 219 946 etiarn
248 883 354 944 Isidori
387 884 482 962 glossa
512 889 646 965 quamvis
674 896 830 968 corrupta,
866 906 940 966 quae
967 889 998 946 in
1026 887 1195 947 Pithoeanis

48 1005 171 1066 quoque
200 988 348 1066 excerptis
377 986 470 1047 luisse
498 988 625 1049 traditur
648 993 854 1068 ‘catadacta,‘
872 988 1034 1049 multorum
1058 989 1194 1058 cantica,'

49 1088 103 1148 ubi
126 1088 265 1148 Pithoeus
288 1088 417 1147 coniecit
438 1087 597 1166 legendum
620 1109 684 1152 esse
707 1072 909 1160 ‘catalecta',
928 1091 1083 1150 Martinios
1106 1092 1196 1151 ‘cata

48 1192 163 1264 dicta',
189 1199 222 1248 ut
242 1190 273 1247 in
288 1187 502 1250 Mediolanensi
516 1192 708 1271 Priapeorum
732 1191 834 1252 codice
855 1210 887 1250 se
909 1192 1079 1269 repperisse
1095 1196 1197 1250 narrat

47 1291 86 1350 ls.
105 1292 228 1351 Vossius
243 1289 358 1350 observ.
376 1290 411 1352 ad
428 1291 532 1352 Catuli.
548 1312 577 1371 p.
594 1290 671 1354 344:
691 1296 781 1354 ‘cata
796 1295 878 1353 dicta
894 1299 1027 1352 veterum
1042 1298 1196 1370 poetarum

49 1394 80 1452 in
96 1392 257 1471 Priapum'
288 1391 363 1469 (vide
379 1392 542 1454 Burmanni
565 1394 600 1454 ad
625 1394 734 1456 anthol.
759 1394 810 1455 lib.
828 1394 865 1456 Vl
887 1393 954 1455 adn.
970 1413 1001 1473 p.
1016 1390 1101 1471 478).
1129 1411 1195 1453 narn

50 1500 190 1572 poterant
212 1493 243 1552 hi
265 1510 383 1572 quoque
409 1496 556 1556 variorum
580 1495 662 1557 lusus
689 1500 860 1557 catalecton
884 1503 913 1556 et
935 1496 1055 1555 nomine
1078 1502 1108 1554 et
1130 1512 1196 1554 cor·

51 1615 125 1675 pore
158 1595 381 1674 comprehendi.
425 1596 640 1658 elementorum
674 1605 773 1660 autem
802 1601 827 1659 C
852 1606 881 1659 et
908 1600 937 1658 P
960 1599 1138 1676 permutatio
1166 1598 1197 1656 in

52 1699 170 1758 cursiva
199 1696 366 1778 capitalium
390 1699 555 1760 litterarum
578 1701 725 1780 scriptura
748 1700 868 1761 minime
890 1698 1017 1760 insolita.
1063 1706 1092 1757 et
1113 1697 1198 1758 video

53 1801 83 1859 in
107 1799 284 1878 apographo,
302 1799 439 1860 editionis
453 1801 604 1862 Romanae
626 1802 748 1863 alterius
763 1801 933 1871 Basileensi,
957 1799 1010 1860 ubi
1025 1801 1198 1860 catalecton

60 1909 88 1961 et
108 1902 304 1980 praemissum
326 1908 356 1961 et
377 1901 578 1981 subscriptum
596 1903 648 1974 est,
672 1905 703 1963 in
720 1902 804 1963 titulo
820 1911 929 1972 tamen,
951 1902 1045 1978 quiin
1060 1900 1198 1960 loliorum

61 2005 191 2081 margine
213 2004 370 2082 superiore
386 2004 539 2082 adpositus
555 2012 608 2074 est,
630 2005 710 2066 idem
725 2004 900 2065 vocabulum
917 2003 1022 2063 litteris
1036 2000 1198 2062 initialibus
1218 2046 1221 2053 ι

62 2107 98 2165 ita
118 2106 228 2184 pictum
252 2111 285 2164 ut
305 2106 330 2165 O
347 2102 435 2184 plane
456 2105 590 2166 videatur
609 2109 730 2182 Posse,
754 2101 797 2168 sic
819 2107 897 2167 lere:
927 2092 959 2182 (i.

141 2207 277 2267 Cetcrum
308 2208 368 2267 sive
396 2210 571 2284 catalepton
599 2209 659 2268 sive
686 2212 841 2271 catalecta
870 2209 980 2268 rectius
1003 2205 1198 2286 appellantur,

70 2310 163 2370 mirum
186 2309 212 2368 si
235 2309 285 2386 qui
308 2325 388 2368 nunc
411 2327 445 2368 eo
469 2309 589 2369 nomine
612 2309 907 2389 comprehenduntur
923 2307 1022 2386 elegos
1038 2315 1067 2368 et
1085 2307 1199 2367 iambos

10 2487 12 2492 ³
72 2409 271 2488 intellegemus,
288 2428 341 2469 cur
356 2414 578 2487 epigrammata
593 2419 748 2490 praeterea
763 2412 842 2491 apud
857 2411 1003 2472 Donatum
1019 2417 1049 2469 et
1064 2410 1197 2470 Servium

10 2556 16 2593 ἶ
30 2584 33 2589 ,
73 2518 136 2575 inter
155 2511 297 2592 opuscula
314 2511 480 2589 Vergiliana
496 2513 674 2575 referantur.
710 2533 777 2574 narn
787 2516 917 2590 prlapta
933 2511 1010 2588 quod
1026 2510 1063 2572 ab
1079 2510 1137 2571 illis
1152 2528 1198 2572 se·

10 2655 34 2693 3,
75 2622 158 2698 parata
180 2621 249 2674 sunt
270 2615 363 2692 ipsius
386 2617 553 2692 argumenti
576 2623 679 2676 natura
703 2615 789 2676 facile
812 2613 984 2694 explicatur.
1007 2612 1059 2672 sed
1079 2619 1198 2692 praeter

10 2756 18 2792 ,ρ
76 2719 136 2778 baec
147 2716 170 2774 si
185 2713 329 2794 peculiari
348 2716 581 2794 epigrammaton
597 2718 718 2777 nomine
733 2717 910 2794 significatos
926 2733 989 2775 esse
1005 2731 1071 2774 cum
1087 2713 1199 2774 Naclrio

10 2856 18 2894 ,2
79 2819 134 2898 (Cat.
148 2835 174 2896 p.
192 2813 265 2893 226>
282 2818 435 2877 statuimus
458 2817 622 2879 ‘versiculos
644 2816 726 2889 illos,
751 2820 853 2895 quiin
875 2816 1026 2878 codicibus
1050 2814 1200 2875 nonnullis

11 2950 23 2996 p
79 2938 131 2981 cum
142 2917 314 2996 Vergilianis
330 2918 479 2998 opusculis
493 2920 646 2980 coniuncti
659 2928 758 2980 extant
773 2919 810 2979 de
821 2917 931 2979 BalIsta
947 2917 1071 2987 latrone,
1084 2917 1121 2977 de
1138 2918 1200 2977 viro

10 3044 19 3100 ξς
81 3022 150 3090 bono,
165 3020 201 3079 de
223 3021 305 3080 ‘est'
322 3027 351 3080 et
373 3024 468 3080 ‘uon’
485 3021 704 3100 monosyllabis,
722 3022 758 3082 de
774 3023 850 3082 rosis
865 3018 1055 3082 nascentibus
1070 3027 1100 3080 et
1116 3037 1200 3080 sene-

12 3149 25 3201 s
82 3121 209 3183 scentibus
221 3121 267 3182 vel
284 3120 358 3181 adeo
373 3128 465 3182 totam
480 3123 562 3183 illam
572 3123 817 3185 scholasticorum
834 3124 998 3184 carminum
1009 3122 1199 3199 farraginem,

19 3276 25 3302 ,ἦ
83 3240 141 3300 quae
159 3224 263 3302 optimi
285 3229 392 3302 poetae
414 3242 522 3284 nomen
545 3227 576 3284 in
592 3225 745 3287 codicibus
767 3227 918 3293 mentitur,
943 3231 1024 3285 certe
1039 3225 1136 3284 omnis
1151 3223 1200 3283 illa

16 3369 33 3404 s·
84 3341 140 3400 quae
159 3322 235 3402 apud
253 3324 398 3384 Donatum
421 3324 529 3402 legitur
552 3328 654 3387 notitia
678 3326 851 3387 aSuetonio
866 3326 962 3387 aliena
984 3324 1119 3385 habenda
1135 3326 1200 3394 erit,

17 3450 34 3504 3-
84 3426 148 3484 cuius
167 3431 261 3484 aetate
284 3423 441 3504 probabile
463 3444 522 3486 non
546 3435 590 3488 est
611 3436 672 3489 tam
695 3428 767 3488 viles
789 3430 867 3490 letus
890 3436 940 3489 aut
962 3436 1136 3507 procreatos
1153 3433 1220 3489 aut.

31 3586 36 3605 ·.
84 3525 189 3604 Vergilio
212 3524 340 3586 tributos
363 3544 437 3587 esse.
476 3528 527 3588 sed
550 3536 610 3589 tam
632 3530 691 3590 late
713 3549 769 3610 per
790 3549 822 3591 se
844 3537 926 3611 patet
946 3529 1108 3590 catalecton
1132 3529 1202 3609 (sive

27 3670 36 3707 ἃ
83 3626 237 3707 catalepton)
266 3646 389 3698 nornen,
418 3635 451 3688 ut
473 3629 565 3691 multa
588 3630 674 3692 lacile
698 3632 960 3711 comprehendisse
982 3632 1086 3710 possit.
1132 3648 1203 3708 ergo

10 3776 27 3797 .,
82 3729 142 3813 qood
169 3729 248 3809 apud
269 3729 416 3791 Donatum
443 3730 568 3808 legimus
596 3733 784 3794 ‘catalecton
806 3741 836 3794 et
853 3736 982 3811 prinpia
1003 3739 1032 3792 et
1053 3735 1203 3809 epigram-

20 3869 28 3905 3
79 3839 144 3893 aeta
165 3839 195 3892 et
216 3834 319 3892 dirar’
344 3834 509 3912 poterimus
530 3833 705 3912 intellegere
728 3835 891 3896 catalecton
914 3834 1008 3895 libros
1029 3840 1100 3903 trae,
1124 3835 1202 3913 pria·

10 3967 28 4005 c
76 3935 112 4013 pia
134 3931 245 3994 scilicet
268 3940 298 3992 et
321 3935 533 4013 epigrammata
556 3941 586 3994 ct
608 3935 701 4004 diras;
726 3955 759 3996 ac
781 3937 908 3998 fortasse
929 3935 1008 3996 idem
1024 3935 1116 3995 voluit
1129 3937 1204 3994 vitae

10 4066 15 4101 ς
74 4053 138 4116 quae
166 4035 198 4093 in
220 4033 316 4094 Servii
338 4035 557 4114 prolegomenis
580 4055 659 4098 nunc
682 4043 821 4116 excerpta
845 4044 890 4098 est
912 4043 1029 4105 auctor,
1057 4035 1204 4115 siquidem

69 4143 129 4218 post
151 4137 243 4205 cirin,
273 4139 396 4198 Aetnam
420 4146 448 4198 et
471 4137 595 4198 culicem
622 4138 737 4216 reliqua
759 4141 801 4199 sic
823 4141 887 4200 iere
909 4139 1111 4218 composuisse
1124 4155 1204 4222 ,con-

67 4240 165 4301 icitur:
204 4239 394 4299 ‘catalecton
420 4242 556 4315 prtapea
587 4243 810 4316 epigrammata
840 4257 948 4318 capam
978 4242 1097 4316 diras',
1131 4237 1206 4297 hacc

65 4345 203 4425 quattuor
225 4340 376 4400 communi
398 4340 562 4402 catalecton
585 4342 706 4402 nomine
728 4340 907 4421 complexus.
946 4339 1054 4419 quibus
1076 4341 1102 4400 si
1125 4338 1206 4400 addi-

958 4439 1001 4506 1*
