2820 4770
623 289 724 334 eaeor
746 290 794 332 111.
1234 267 1275 331 61

131 456 187 518 ben
212 478 229 519 a
252 458 348 527 Luna,
378 477 453 538 quae
481 459 671 536 insequenti
700 476 787 519 versu
811 456 992 537 appellatur,
1022 458 1171 536 distingui.
1216 475 1275 517 non

135 561 219 621 nimis
241 579 256 620 a
281 562 424 622 memoria
453 561 569 621 conlido
599 560 762 620 abliorrere
791 559 870 637 quod
900 562 1041 639 proposui
1070 564 1161 635 inque
1183 563 1274 619 vicem

140 664 244 724 Phoebi
268 681 378 724 carrus
400 663 496 736 fugiat
521 680 632 724 aureas
647 664 744 723 -orlris
790 681 857 722 nam
882 680 948 721 esse
970 661 1048 721 illam
1064 663 1198 740 *maxime
1222 659 1274 719 olt-

142 765 289 826 litteratam
313 765 344 824 in
366 762 422 824 lrac
445 765 582 824 carminis
605 769 690 842 parte
712 761 757 822 vel
781 765 887 841 pagina
913 761 948 841 (v,
972 758 1107 839 cto-45)
1132 770 1273 822 nontam

145 865 246 928 librarii
268 864 454 942 neglegentia
478 881 565 942 (ruam
589 865 767 928 correctoris
791 866 842 941 qui
866 866 968 925 nescio
991 883 1049 941 quo
1066 882 1136 925 casu
1154 862 1274 924 evanida

146 965 182 1028 rel
202 965 326 1026 obscura
350 973 382 1026 ut
404 966 509 1044 potuit,
534 965 587 1025 sed
610 965 765 1027 infeliciter
788 967 945 1026 restituere
969 974 1091 1026 conatus
1115 972 1159 1025 est
1181 973 1274 1025 teme-

149 1072 234 1136 ritate,
267 1067 377 1127 docent
409 1069 561 1144 sequentia
592 1064 753 1146 (aa-45),
783 1086 947 1146 quaecum
979 1066 1093 1146 singula
1126 1074 1277 1146 praestent

151 1171 235 1232 latina
263 1168 419 1243 vocabula,
451 1179 547 1229 tamen
571 1187 658 1228 sensu
682 1186 753 1229 sano
777 1187 880 1229 carere
901 1169 979 1228 inter
1002 1186 1104 1228 omnes
1128 1168 1274 1240 convenit,

152 1282 311 1352 quamquam
335 1270 511 1331 emendandi
535 1271 689 1331 conamina
713 1273 808 1331 ornnia
829 1270 966 1330 videntur
985 1289 1055 1331 vana
1073 1271 1171 1330 luisse.
1206 1268 1277 1327 milri

151 1375 172 1434 id
191 1373 311 1431 maxime
334 1373 518 1451 propositum
540 1370 609 1440 luit,
640 1381 672 1431 ut
694 1380 723 1432 et
745 1373 886 1433 orationis
911 1371 1096 1448 quasifilum
1120 1372 1274 1432 continua·

109 1546 116 1561 δ
152 1492 200 1536 ren
222 1480 251 1533 et
270 1491 347 1551 quae
370 1472 467 1534 verbis
490 1473 563 1533 ‘nisi
587 1517 594 1533 .
619 1519 625 1531 .
649 1474 726 1533 lama
752 1473 845 1534 locuta
872 1475 933 1534 est’
964 1474 1118 1533 manifesto
1143 1472 1275 1549 flagitan-

103 1560 105 1579 ²
151 1586 188 1635 tur
207 1576 375 1653 supplerent
399 1594 423 1634 v.
446 1570 497 1642 45,
526 1573 576 1633 ulti
599 1592 673 1650 quae
696 1574 802 1635 tradita
825 1583 894 1635 sunt
916 1593 1034 1635 servare
1057 1592 1144 1634 nemo
1168 1573 1274 1651 potuit.

203 1675 249 1735 'ln
278 1694 366 1737 versu
393 1672 435 1737 55
463 1693 528 1736 cum
563 1674 600 1735 de
631 1694 704 1736 zone
737 1676 870 1755 puellae,
899 1695 957 1737 non
988 1675 1024 1735 de
1054 1678 1109 1736 vita
1136 1674 1275 1735 solvendo

150 1796 232 1839 sermo
255 1795 319 1838 esse
342 1776 463 1847 debeat,
483 1777 556 1850 fata
579 1778 733 1856 scripsisse
756 1787 841 1855 poeta
867 1795 925 1837 non
948 1784 1060 1856 potest;
1085 1777 1205 1854 scripsit
1227 1784 1277 1835 aut

150 1897 225 1942 sacra
252 1885 302 1939 aut
330 1887 417 1940 aeta:
446 1896 512 1939 nam
543 1887 574 1938 ut
603 1898 627 1968 r.
651 1876 689 1938 61
714 1888 783 1940 eota
811 1879 928 1957 scripsit
956 1877 1094 1938 librarius
1128 1876 1178 1936 ubi
1202 1876 1275 1949 sata

150 1979 268 2049 debebat,
292 1981 335 2039 sic
356 1981 419 2040 vice
442 1998 524 2040 versa
549 1981 650 2040 eadem
674 1979 815 2041 vocabula
838 1978 1006 2040 confudisse
1030 1986 1134 2059 potest.

219 2284 270 2344 His
299 2301 374 2360 quae
401 2285 458 2345 iam
483 2283 615 2344 Suetonii
644 2291 739 2344 aetate
769 2285 845 2345 inter
868 2284 1033 2363 Vergiliana
1063 2283 1153 2344 relata
1183 2284 1275 2344 luisse

149 2385 259 2445 viclinas
286 2403 345 2446 non
374 2385 491 2446 virtutis
520 2403 622 2455 causa,
653 2384 703 2445 sed
733 2387 800 2465 quia
830 2386 971 2447 librorum
1002 2387 1273 2464 manuscriptorum

149 2488 235 2566 copias
266 2485 357 2547 semel
390 2495 508 2566 paratas
536 2485 693 2555 haberem,
729 2487 861 2548 addenda
896 2506 959 2547 esse
987 2487 1057 2547 «luxi
1084 2496 1146 2547 tum
1176 2494 1273 2545 return

150 2606 211 2667 quae
238 2587 306 2648 olim
335 2588 365 2647 in
394 2590 461 2649 ludi
487 2589 616 2649 libellum
640 2587 771 2649 conlecta
795 2597 878 2658 sunt,
906 2595 1035 2649 rosetum
1062 2604 1215 2665 nugasque
1239 2589 1276 2646 de

103 2714 105 2739 :
149 2689 345 2766 monosyllabis
366 2698 409 2749 est
430 2695 459 2748 et
480 2706 539 2748 non
564 2696 592 2747 et
615 2691 652 2748 de
674 2692 739 2749 viro
763 2691 849 2764 bono,
874 2697 936 2750 turn
959 2692 998 2749 de
1013 2691 1192 2749 Maecenate
1215 2686 1274 2747 ele-

151 2791 200 2867 gias
220 2790 300 2859 duas,
324 2791 401 2850 intra
425 2807 518 2848 annos
540 2788 651 2849 saeculi
665 2789 716 2849 XV
738 2786 781 2849 44
803 2798 832 2850 et
853 2787 895 2851 55
915 2792 945 2850 in
967 2790 1057 2850 llania
1082 2797 1216 2869 repertas
1238 2788 1274 2850 ab

153 2891 256 2951 lienoch
280 2889 440 2959 Asculano,
471 2907 541 2966 quas
569 2896 668 2950 tamen
691 2909 771 2952 nunc
794 2889 979 2953 Bruxellensi
1003 2890 1163 2969 exemplari
1187 2890 1275 2951 docc-

154 3011 204 3052 nur
224 2994 280 3051 iarn
305 2991 423 3052 saeculo
438 2990 503 3050 Xlll
525 2993 555 3050 iu
578 2992 724 3052 coenobio
747 2991 845 3072 aliquo
868 2993 903 3053 ad
928 2992 1062 3053 Rhenum
1086 2990 1132 3052 vel
1155 2991 1190 3052 ad
1213 2992 1274 3052 llo-

155 3092 236 3153 sellam
270 3090 362 3154 lectas
394 3093 490 3153 luisse.
537 3092 745 3153 ‘mediocriter
775 3096 925 3171 antiquas,
960 3093 989 3152 lr.
1014 3114 1039 3154 e.
1070 3092 1182 3170 aliquot
1211 3101 1277 3172 post

157 3193 207 3255 Chr.
229 3212 258 3255 n.
282 3192 426 3255 saeculis'
456 3200 539 3254 natas
561 3194 599 3253 Μ.
622 3194 769 3272 Hauptius
791 3196 821 3254 in
846 3195 1058 3255 commentario
1081 3194 1118 3254 de
1142 3194 1275 3272 epicedio

158 3294 224 3354 Drusi
238 3313 266 3373 p.
283 3291 335 3364 30,
351 3294 448 3373 primo
464 3293 582 3354 saeculo
599 3303 686 3373 atque
702 3296 777 3357 adeo
793 3314 851 3356 non
875 3295 999 3356 multum
1016 3304 1084 3374 post
1099 3296 1277 3355 Maecenatis

158 3403 260 3456 nortem
290 3403 371 3455 ortas
394 3413 458 3455 esse
481 3401 603 3474 propter
626 3398 772 3457 sermonis
795 3398 921 3457 nitorem
945 3407 974 3458 et
996 3415 1133 3457 versuum
1158 3396 1275 3474 elegan-

103 3506 106 3510 '
158 3497 209 3557 tinn
231 3505 332 3558 censet
345 3497 377 3557 L.
394 3495 553 3556 Muellerus
576 3496 612 3557 de
635 3516 667 3557 re
684 3517 723 3558 m.
746 3517 775 3576 p.
792 3493 842 3559 52.
867 3499 1018 3559 inferioris
1040 3500 1143 3558 aetatis
1166 3497 1276 3558 indicio

103 3588 108 3595 ’
159 3598 332 3678 synaloephae
354 3605 423 3659 sunt
445 3616 510 3658 curn
535 3599 703 3658 rarissimae
725 3605 784 3659 turn
814 3599 993 3659 lenissimae.
1037 3600 1159 3659 namin
1183 3598 1275 3659 altera
1332 3631 1338 3638 ·

159 3716 214 3776 quae
239 3700 275 3760 de
306 3699 484 3760 moribundo
513 3699 683 3760 Maecenate
712 3698 797 3778 vulgo
826 3699 933 3760 dicitur
963 3700 1055 3778 elegia
1086 3699 1130 3760 bis
1154 3702 1275 3760 omnino

103 3829 114 3851 e.
160 3800 305 3878 coalescunt
333 3800 463 3870 vocales,
499 3818 523 3859 v.
547 3797 567 3859 3
595 3804 699 3861 ‘mene
723 3803 839 3879 ,inquit’
875 3808 904 3861 et
931 3819 957 3861 v.
981 3797 1023 3859 24
1051 3805 1157 3879 ‘teque
1186 3802 1274 3879 ego’;

103 3918 116 3951 ³:
160 3901 225 3978 paulo
250 3903 370 3981 saepius
397 3903 425 3961 in
454 3903 568 3980 priore:
600 3920 625 3960 v.
649 3899 691 3962 20
719 3901 823 3961 ‘litore
846 3904 895 3961 in'
926 3903 960 3980 (si
983 3902 1126 3979 genuinus
1155 3910 1200 3962 est
1227 3901 1276 3961 lric

107 4026 112 4043 =
160 4003 264 4083 versus).
293 3999 332 4064 21
357 4008 502 4079 ‘namque
525 4002 589 4070 id',
612 3999 654 4062 43
676 4001 813 4083 ‘pulvere
836 4005 899 4071 in',
924 3999 965 4063 89
988 4004 1095 4078 ‘atque
1117 4002 1274 4080 aquilam,

106 4116 117 4153 i
161 4100 204 4164 tto
231 4109 338 4182 ‘atque
366 4106 433 4174 ita',
469 4101 529 4164 116
563 4105 605 4162 ‘si
634 4122 761 4182 quorum
788 4106 848 4173 in',
884 4100 944 4163 122
966 4103 1088 4163 ‘vollem
1122 4106 1275 4164 Aurorae?

107 4218 115 4254 1
161 4222 182 4264 ac
203 4214 265 4285 post
288 4208 419 4268 Senecae
447 4213 528 4265 certe
557 4205 711 4283 epistulam
739 4201 896 4274 trenaee
924 4205 1046 4265 disticha
1075 4206 1181 4282 scripta
1211 4223 1276 4265 osse

160 4307 296 4384 probabilis
321 4314 364 4369 est
386 4307 514 4386 suspicio
537 4306 664 4386 llauptii.
