2820 4770
134 273 177 338 40
582 291 835 335 paonaoousuou

163 507 167 515 .
223 463 315 525 liuius
337 469 436 522 tamen
459 458 586 538 syllogus
609 457 739 536 singulas
761 477 815 537 per
839 459 956 536 eclogas
979 459 1029 535 qui
1049 456 1281 537 perlustraverit

137 565 231 624 varias
258 552 415 631 lectiones,
444 579 482 622 ne
510 567 625 621 ceteros
653 559 771 638 quidem
793 559 885 621 libros
907 561 1038 639 reperiet
1060 577 1097 620 ex
1119 558 1208 636 longe
1229 559 1281 623 di-

138 683 221 726 vorso
248 664 329 724 lonte
352 663 497 740 originem
520 663 644 742 cepisse.
690 660 769 741 quod
791 663 823 721 13
850 663 989 740 culice,
1018 679 1056 721 33
1079 661 1117 721 113
1140 669 1281 740 transpo-

136 767 200 836 sitis
223 763 358 825 versibus
374 763 479 831 dicam,
503 762 664 824 clarissime
686 762 904 824 demonstratur
920 763 1121 824 communium
1138 763 1281 832 vitiorum

136 867 196 927 sive
218 871 431 942 monstrorum,
452 865 636 934 lacunarum,
659 865 920 943 interpolationem
938 864 984 942 (ct.
1001 883 1027 924 v,
1044 861 1094 925 26.
1112 860 1185 924 281.
1202 860 1273 949 319)

137 966 333 1037 multitudine,
358 968 442 1027 33133
463 983 625 1045 permagna
649 983 717 1044 pars
740 965 923 1045 compendiis
945 967 1112 1045 scripturae
1135 964 1213 1025 male
1230 967 1271 1030 ln·

137 1066 261 1128 tellectis
285 1064 456 1146 (31.1.50.
480 1063 530 1128 66.
554 1064 604 1128 95.
630 1063 699 1127 119.
726 1063 796 1128 132.
822 1063 892 1128 155.
917 1064 988 1128 168.
1014 1065 1084 1128 170.
1107 1062 1181 1128 246.
1204 1063 1267 1133 247.

135 1165 207 1230 262.
237 1165 309 1229 272.
338 1165 410 1230 307.
434 1165 507 1228 311.
530 1165 602 1229 314.
625 1164 697 1230 315.
720 1164 792 1228 319.
816 1165 889 1228 342.
912 1166 1000 1248 366),
1029 1166 1265 1232 31131111313133

137 1268 318 1330 obscuritate
345 1269 460 1330 videtur
488 1275 552 1330 orta
580 1287 658 1329 esse:
687 1276 719 1329 ut
741 1267 933 1348 archetypum
961 1268 1118 1330 elementis
1144 1269 1265 1348 capitali·

138 1370 194 1431 bus
221 1369 344 1431 cursivis
373 1368 467 1446 qualia
496 1388 591 1449 nuper
619 1370 648 1430 in
676 1368 895 1448 prolegomenis
918 1370 1059 1449 descripsi
1081 1372 1152 1431 satis
1175 1370 1265 1448 negle-

136 1477 241 1549 genter
269 1477 421 1532 exaratum
449 1487 484 1530 ac
510 1472 653 1548 temporis
681 1471 787 1530 iniuria
815 1479 861 1530 sat
882 1469 982 1531 multis
1004 1470 1078 1532 locis
1100 1471 1146 1531 vel
1169 1469 1265 1532 obsco·

136 1579 232 1633 ratum
260 1570 305 1630 vel
332 1570 406 1632 adeo
435 1571 620 1631 imminutum
653 1570 744 1631 131333
777 1571 919 1649 33331331.
964 1572 1042 1633 33113
1075 1591 1143 1633 3313
1177 1579 1268 1634 333113

137 1671 317 1751 exemplaria
345 1673 443 1765 ompia
465 1672 559 1732 varias
580 1689 635 1750 per
657 1672 735 1732 vices
761 1671 908 1751 descripta
928 1673 1001 1741 3131,
1031 1680 1061 1734 31
1081 1675 1164 1734 vario
1187 1675 1269 1735 modo

137 1773 185 1832 bic
212 1771 301 1833 modo
329 1770 389 1832 illic
411 1790 556 1833 consensu
584 1772 661 1834 varia
683 1773 765 1834 vides
787 1775 926 1852 coniungi
948 1792 1004 1836 neo
1025 1774 1118 1836 ullum
1140 1776 1205 1836 lere
1226 1785 1271 1838 aut

139 1875 214 1934 vitiis
248 1875 310 1935 suls
340 1872 541 1953 peculiaribus
574 1881 625 1935 aut
658 1873 814 1935 virtutibus
848 1874 1024 1951 quibusdam
1058 1895 1174 1938 carere.
1224 1878 1271 1938 sed

137 1974 224 2054 paulo
246 1975 363 2054 saepius
386 1991 474 2052 quam
497 1993 563 2035 oum
587 1962 651 2035 aliis
673 1977 803 2036 1313133
826 1983 995 2054 congruunt
1016 1976 1052 2038 ab
1074 1977 1168 2039 altera
1192 1986 1273 2057 parte

138 2077 317 2154 ABCEPV,
347 2075 384 2136 ab
412 2075 503 2137 altera
525 2078 558 2137 H
564 2079 612 2150 Vl,
644 2077 694 2154 qui
723 2077 778 2157 ipsi
806 2095 925 2158 quoque
944 2078 1041 2157 paulo
1071 2080 1164 2158 magis
1188 2089 1274 2160 quam

137 2177 180 2236 1111
202 2175 479 2256 interpolationibus
503 2177 546 2238 vel
569 2179 666 2256 pravis
689 2180 867 2240 coniecturis
888 2182 1034 2258 inquinati
1061 2188 1142 2253 sunt,
1173 2201 1275 2260 quam·

138 2295 225 2355 quam
258 2290 355 2356 neque
382 2276 500 2339 illorum
529 2277 604 2339 ullus
631 2281 771 2340 immunis
799 2281 886 2341 buius
913 2280 986 2342 labis
1015 2291 1060 2343 est
1087 2301 1142 2344 333
1169 2283 1276 2344 horum

138 2398 194 2458 ope
216 2379 253 2439 ad
275 2379 485 2457 corrigendum
509 2387 620 2441 textum
638 2382 736 2473 ¹careri
757 2387 864 2461 potest.

221 2530 253 2589 ln
278 2530 485 2592 emendatione
513 2531 615 2593 culicis
637 2550 712 2612 quae
734 2539 801 2609 post
823 2533 859 2593 M.
885 2525 1043 2612 Hauptium
1067 2535 1130 2613 ipse
1153 2543 1278 2598 conatus

137 2650 201 2691 sum
225 2632 255 2691 13
279 2649 351 2691 mus.
369 2631 463 2692 liban.
480 2632 571 2692 XVlll
587 2629 648 2693 100
663 2650 726 2711 sqq.
751 2633 819 2693 olim
843 2633 971 2695 «lelandi.
1021 2652 1113 2714 panca
1136 2637 1278 2697 secundis

135 2732 214 2792 curis
241 2731 313 2792 mibi
341 2732 467 2794 subnata
494 2741 577 2794 sunt:
613 2752 638 2794 e.
662 2752 689 2812 g.
714 2735 744 2792 in
773 2735 962 2797 restituendis
988 2736 1123 2798 versibus
1145 2735 1188 2799 35
1211 2756 1275 2816 sqq.

136 2832 303 2910 religiosius
333 2850 421 2910 quam
449 2834 479 2892 13
507 2833 664 2912 3133311331
691 2843 809 2896 3333133
837 2855 903 2896 sum
932 2837 1065 2897 codicum
1094 2840 1277 2916 optimorum

137 2967 302 3027 testimonia
334 2965 373 3047 (in
396 2967 556 3048 archetypo
585 2967 674 3030 luisse
700 2969 816 3030 videtur
851 2928 1029 3047 6331111313,
1059 2973 1138 3034 33113
1166 2975 1276 3035 lactum

128 3067 344 3147 pdecurrcre);
369 3089 394 3128 v.
413 3065 552 3152 17011111
575 3071 718 3150 scriptura
736 3069 773 3150 (ct
790 3070 865 3150 fect)
883 3074 1011 3134 monitus
1033 3074 1157 3136 verbum
1179 3076 1278 3150 ecfert

135 3189 171 3230 ex
198 3168 344 3229 librorum
374 3168 479 3230 litteris
506 3172 568 3243 etse
589 3171 685 3232 elicui.
730 3191 791 3232 uon
819 3175 901 3233 omni
929 3193 964 3234 ex
992 3182 1077 3254 parte
1105 3176 1177 3236 mihi
1206 3180 1276 3238 satis

135 3272 252 3332 iaciunt·
266 3279 341 3349 quae
357 3289 381 3331 v.
399 3268 461 3332 318
476 3273 626 3351 proposui,
650 3272 702 3332 sad
726 3291 827 3333 verum
851 3275 879 3334 13
902 3273 979 3335 libro
1003 3277 1031 3334 V
1049 3274 1165 3337 fidelius
1186 3297 1275 3356 quam

134 3373 165 3431 13
188 3373 295 3432 3313113
323 3370 460 3432 omnibus
488 3379 635 3432 servatum
661 3391 725 3433 3333
748 3391 808 3433 333
831 3373 943 3436 dubito.
990 3375 1085 3436 eidem
1108 3377 1224 3438 credidi
1246 3381 1275 3439 13

135 3491 160 3532 v.
178 3469 241 3533 330
264 3477 293 3532 31
315 3473 448 3549 quamvis
470 3473 639 3534 inusitatum
660 3492 844 3549 3333133133
861 3475 1038 3537 vocabulum
1054 3479 1275 3541 commendanti

134 3591 160 3632 v.
183 3569 255 3641 334,
278 3572 357 3652 quod
379 3579 477 3634 tamen
500 3574 536 3634 ad
557 3592 681 3649 permen
704 3583 734 3635 31
754 3593 851 3637 omnen
874 3578 1027 3638 nominum
1051 3577 1276 3643 similitudinem

135 3673 237 3734 auderi
270 3672 427 3750 aliquando
455 3692 471 3733 3
501 3673 550 3736 1311
583 3677 758 3755 praesertim
792 3678 990 3741 versificatore
1024 3689 1148 3759 poterat.
1195 3690 1276 3746 certe

134 3774 214 3851 quod
242 3775 420 3854 optimorum
450 3775 591 3837 librorum
615 3795 761 3839 consensu
790 3779 863 3840 adeo
887 3782 1093 3857 confirmatur,
1125 3782 1181 3844 3113
1205 3803 1275 3848 con·

133 3878 387 3956 13313131333313
410 3876 552 3938 oblucare
575 3878 667 3939 nolui:
692 3897 760 3940 nam
784 3881 964 3942 deteriorum
984 3883 1186 3964 1333333(Ηο
1210 3906 1275 3947 cor·

133 3976 268 4057 ruptelae
300 3985 383 4039 ortae
415 3979 550 4040 videntur
583 4000 617 4041 er
652 3981 827 4058 glossemate
858 3992 1021 4059 3333131113
1050 4003 1117 4046 cum
1145 3988 1275 4064 genuina

36 4157 39 4161 ,
131 4096 313 4154 3333131333
336 4079 429 4139 lorma
452 4098 507 4158 per
530 4080 716 4143 librariorum
740 4091 892 4163 stuporem
915 4087 1004 4146 variis
1024 4087 1119 4147 modis
1135 4088 1274 4150 conflato.

133 4180 204 4240 item
231 4180 262 4240 13
286 4199 310 4240 v.
334 4175 396 4241 357
426 4180 520 4241 3311131
551 4184 675 4245 Vnunc
703 4178 910 4265 obtemperare
939 4185 1027 4248 malui
1056 4205 1144 4266 quam
1172 4190 1275 4251 admo·

133 4280 201 4340 darm
224 4279 345 4357 dubiam
367 4282 536 4357 nootsropa
558 4283 693 4361 vocabuli
715 4286 894 4374 prosodiam,
919 4289 967 4350 331
982 4288 1181 4367 Vergilianum
1206 4296 1277 4355 ‘na-
