2820 4770
636 282 736 327 oneum
759 285 807 327 111.
1248 265 1291 330 39

233 448 417 512 Editionibus
432 449 554 510 vetustis
569 467 637 510 cum
652 468 775 529 prorsus
790 469 933 524 carerem,
950 453 1031 515 bunc
1046 455 1132 532 quasi
1148 454 1288 517 vicarium

168 555 278 618 omnium
293 561 438 632 quotquot
458 551 633 613 Aldinam
656 555 819 614 alteram
835 552 875 632 (oc)
891 555 1070 616 antecedunt
1085 554 1198 618 coutrdi
1212 557 1288 635 ipse.

231 655 312 715 Hanc
340 672 417 714 anuo
448 649 530 715 1534
558 671 728 732 expressam
759 652 804 734 (cf.
830 655 959 718 Naelrius
982 657 1034 719 Cot
1053 653 1126 736 418)
1153 656 1286 729 adhibui,

168 760 220 841 quia
239 754 372 816 ‘collatis
393 753 528 835 pluribus
552 801 583 815 ..
608 754 846 834 exemplaribus'
869 757 1058 818 emendatum
1081 776 1098 819 a
1119 776 1152 819 se
1174 765 1287 819 textum

166 877 215 923 esso
234 859 263 918 in
285 857 466 937 praefatione
491 854 583 917 Aldus
606 862 738 918 testatur.
779 858 829 936 qui
852 876 921 918 curn
942 860 973 919 in
996 858 1119 938 epistula
1140 859 1177 939 ad
1198 860 1285 920 Rem·

165 963 219 1024 bum
244 957 368 1037 Virgilio
401 959 471 1018 anni
505 953 587 1020 1514
616 959 784 1038 praeposita
816 961 969 1038 promittat
1001 978 1035 1020 se
1061 960 1145 1021 lusus
1172 961 1287 1039 Virgilii

164 1074 221 1143 queo
245 1058 296 1120 ille
325 1058 432 1120 habeat
459 1059 696 1121 correctissimos
726 1065 788 1119 tum
817 1059 963 1121 editurum
993 1079 1058 1121 esse
1079 1063 1105 1121 si
1127 1078 1178 1121 eos
1201 1080 1285 1123 acce-

162 1163 237 1244 perit,
267 1158 423 1239 probabile
456 1166 501 1221 ost
528 1158 633 1220 Bembi
663 1166 692 1221 et
720 1160 822 1223 codice
857 1168 886 1222 et
915 1160 1171 1250 emendationibus
1199 1180 1285 1224 usum

163 1280 226 1332 osse,
247 1267 290 1330 ut,
316 1260 496 1341 ubicumque
518 1262 656 1322 convenit
677 1261 756 1322 inter
772 1281 793 1322 oc
810 1270 840 1323 et
859 1261 1003 1324 Rembum
1026 1262 1109 1324 nullo
1130 1270 1285 1341 praeterea

115 1384 118 1443 ξ
161 1363 222 1425 libro
249 1362 451 1441 manuscripto
480 1361 693 1440 adstipulante,
723 1362 828 1423 Bembi
857 1363 989 1425 videatur
1016 1366 1186 1427 coniectura
1210 1383 1284 1425 esso.

160 1480 241 1544 aquo
267 1462 333 1524 aliis
360 1461 477 1541 quidem
504 1462 579 1524 locis
605 1463 751 1525 recedens
773 1483 794 1524 oc
823 1464 911 1525 modo
934 1466 963 1525 B
990 1464 1124 1527 codicem
1151 1467 1285 1545 pressius

159 1564 233 1626 modo
264 1562 353 1625 adum
385 1565 532 1643 sequitur,
567 1562 646 1625 velut
681 1583 749 1626 cum
776 1568 789 1626 l
817 1572 847 1625 et
867 1567 902 1626 H
920 1572 949 1625 et
978 1567 1138 1627 Vnostris
1165 1568 1284 1646 saepius

158 1665 287 1744 congruit,
310 1663 367 1726 alia
389 1669 488 1724 autem
510 1665 579 1725 satis
600 1665 692 1726 multa
715 1684 750 1725 ex
774 1684 789 1728 ε
811 1667 940 1745 repetiit.
977 1667 1121 1761 qupedam
1146 1666 1282 1747 denique,

160 1769 206 1829 nisi
230 1768 303 1828 lorte
326 1785 361 1826 ex
388 1765 545 1844 incognitis
572 1766 645 1827 mibi
673 1765 892 1847 exemplaribus
919 1775 1051 1853 sumpta,
1080 1769 1137 1848 ipsi
1162 1769 1283 1849 propria

157 1875 225 1931 sunt.
264 1867 427 1946 scripturas
461 1866 524 1928 eius
558 1865 784 1946 (praetermissis
815 1868 947 1929 minutiis
973 1868 1152 1948 quibusdam
1180 1869 1282 1930 ortho-

158 1969 300 2050 graphicis)
327 1970 459 2046 integras
481 1969 616 2039 ‘enotavi
645 1976 736 2047 utque
764 1978 922 2050 appareret
950 1986 1024 2047 quac
1050 1972 1128 2031 inter
1151 1970 1230 2031 bunc
1253 1979 1283 2032 et

158 2070 287 2134 llembum
308 2071 386 2132 ratio
411 2069 611 2131 intercederet
634 2089 667 2132 ea
689 2090 809 2151 quoque
831 2071 973 2141 indicavi,
1003 2089 1079 2150 quae
1100 2071 1179 2151 apud
1201 2072 1281 2133 bunc

160 2173 259 2235 divorsa
277 2171 426 2250 leguntur.
472 2170 652 2250 ubicumque
674 2174 761 2243 tacui,
786 2191 853 2234 cum
876 2179 957 2234 textu
980 2191 1048 2234 meo
1063 2171 1131 2233 illos
1146 2174 1192 2234 vel
1214 2170 1280 2233 illo·

159 2295 222 2337 rum
239 2275 460 2338 alterumotrum
482 2275 652 2335 consentire
674 2273 828 2336 sciendum
850 2281 904 2336 est.

548 2562 850 2572 —u——a—-m-

592 2828 725 2904 Oneur
752 2828 821 2902 ΙΠ.

115 2998 120 3137 l
337 3016 398 3101 De
424 3015 661 3101 emendandi
691 3024 821 3104 textus
851 3015 1077 3102 rationibus.

229 3387 283 3447 lam
310 3403 385 3464 quae
412 3387 490 3447 inter
516 3386 571 3447 bos
599 3393 630 3446 et
655 3394 772 3447 ceteros
799 3383 917 3445 codices
938 3386 1069 3445 rationes
1091 3385 1278 3448 intercedant

169 3486 268 3548 breviter
283 3486 442 3548 dicendum
458 3492 511 3547 est.
549 3505 583 3547 ac
605 3488 734 3566 primum
758 3493 898 3565 cognatos
914 3504 983 3546 osse
1005 3492 1127 3564 apparet
1143 3503 1203 3557 eos,
1226 3488 1278 3565 qui

135 3598 138 3603 '
168 3591 274 3650 iuuenilis
296 3589 356 3650 sivo
378 3590 524 3650 turmales
545 3591 612 3650 ludi
630 3591 760 3650 ltbellum
782 3588 887 3649 eodem
911 3586 955 3647 rel
977 3586 1066 3648 simili
1088 3587 1173 3648 titulo
1195 3606 1275 3648 com·

115 3738 117 3744 .
167 3689 316 3766 plectuntur,
340 3706 375 3751 er
397 3691 507 3751 nostris
522 3690 616 3764 BPV,
641 3696 795 3767 praeterea
818 3690 1005 3751 colbertinus
1026 3690 1049 3749 I
1068 3687 1112 3768 (A)
1142 3707 1171 3749 n.
1196 3685 1277 3750 7927

115 3836 121 3860 ,
166 3791 269 3851 senoil
300 3791 346 3871 (cl.
376 3789 507 3868 Silligius
534 3810 563 3870 p.
592 3787 643 3850 22.
671 3785 723 3870 47)
754 3797 782 3851 et
803 3790 860 3850 III
880 3788 928 3869 (Fi
957 3809 985 3850 n.
1015 3785 1099 3851 8205
1126 3806 1203 3849 saec.
1227 3789 1278 3848 llV

117 3916 122 3960 t
167 3889 237 3969 (qoem
264 3891 431 3953 Parisiorum
449 3892 486 3952 lV
517 3890 588 3951 dicit
615 3890 743 3951 Neoklus
770 3910 800 3970 p.
823 3886 895 3952 223.
924 3887 988 3951 344
1009 3887 1081 3968 sp),
1111 3891 1276 3950 Mediceum

115 4029 122 4059 ι,
166 3992 218 4068 plut.
237 3990 276 4054 33
303 3992 368 4053 cod.
397 3989 437 4054 31
467 4010 545 4054 saec.
569 3990 633 4053 xiv
662 3992 708 4072 (cl.
738 3991 865 4052 Naeklus
891 4011 920 4072 p.
944 3987 1033 4071 344),
1068 3992 1277 4067 rapotonem

115 4139 123 4164 ,
166 4090 263 4153 membr:
291 4093 395 4154 Naolrii
429 4093 467 4173 (p.
491 4089 555 4155 356
577 4092 666 4175 squ),
705 4095 755 4172 qui
788 4100 913 4154 aetatem
947 4095 1010 4154 eius
1043 4111 1102 4153 non
1136 4092 1275 4160 denubit,

115 4236 123 4265 -2
168 4196 347 4271 praestantium
374 4196 490 4273 magnis
518 4193 656 4255 laudibus
684 4193 800 4263 extulit;
825 4194 952 4271 denique
980 4196 1096 4255 ‘vetus'
1126 4191 1276 4273 exemplar

169 4299 368 4379 manuscriptum
391 4295 550 4376 Scaligori,
572 4296 632 4357 sive
653 4297 850 4359 Pitboeanum
872 4296 928 4357 luit
949 4296 1009 4356 sivo
1031 4293 1120 4355 aliud.
