2820 4770
133 291 173 357 14
625 311 879 355 anonaoounuou
982 293 984 297 ’

70 494 81 517 ¹
130 483 254 542 Ausonii
282 482 367 541 etiam
396 485 491 540 aetate
524 478 682 540 lectitatam
709 479 800 541 luisse
828 478 1100 538 demonstravimus
1146 478 1203 537 iam
1236 475 1250 535 d

132 584 238 643 ceteris
260 581 408 660 opusculis
435 579 594 642 videamus.
883 585 886 592 '
1018 587 1026 602 ·

216 887 315 964 Capu
337 887 466 966 Vergilio
483 894 512 946 et
527 887 663 946 codicum
679 891 847 946 nostrorum
866 883 982 964 (BPFI)
1006 891 1035 944 et
1050 883 1175 945 Charisii
1190 889 1249 943 test

132 989 232 1049 monio
253 988 395 1049 tribuitur
416 988 474 1048 hoc
490 1007 517 1066 p.
534 983 574 1047 47
592 988 623 1048 Ρ.
647 988 832 1047 ‘communia
849 1005 926 1067 cupo
941 986 1073 1064 supanis,
1097 984 1171 1046 lullo
1185 983 1250 1044 tuln

132 1091 193 1158 nis;
217 1093 354 1166 quamvis
374 1093 525 1165 Vergilius
545 1092 656 1150 librum
677 1106 762 1150 suam
786 1090 900 1165 Cupom
922 1090 1137 1163 inscripserit',
1162 1087 1193 1145 in
1216 1105 1250 1164 qu

132 1189 321 1268 infringendo
344 1190 473 1269 iigenius
502 1190 787 1250 animadversionum
810 1208 839 1268 p.
866 1187 904 1248 12
927 1208 990 1268 sqq.
1016 1207 1083 1248 cum
1111 1186 1250 1265 interpola

132 1297 194 1350 tum
224 1310 288 1352 esse
315 1293 449 1371 opinanti
470 1291 584 1370 Heynio
606 1291 783 1359 adsentiret‚
813 1292 922 1351 frustra
944 1296 1096 1369 argutatus
1119 1295 1173 1350 est.
1219 1307 1250 1348 m

133 1391 310 1454 dubitavisse
340 1393 454 1453 videtur
482 1392 518 1452 de
547 1391 635 1452 huius
663 1393 825 1452 memoriae
851 1391 909 1451 lide
931 1390 1138 1452 lachmannus
1166 1391 1215 1471 (ci.
1239 1409 1250 1450 a

132 1491 357 1555 lucernata
377 1512 404 1573 p.
429 1489 515 1572 165):
540 1493 737 1571 Scaligerum‚
762 1494 813 1572 qui
835 1492 872 1552 ad
887 1491 1049 1571 Vergilium
1071 1511 1177 1571 poema
1200 1490 1249 1570 lep

134 1592 287 1655 dissimum
314 1597 429 1656 referre
451 1613 512 1654 non
534 1593 677 1665 audebat,
707 1593 835 1654 Naelrius
860 1593 987 1672 (Catonis
1009 1614 1038 1673 p.
1062 1591 1125 1655 238
1148 1592 1203 1672 sq.)
1228 1611 1250 1652 s«

133 1703 218 1756 cutus
239 1699 336 1775 ipsum
359 1699 423 1757 eius
444 1698 572 1756 nitorem
595 1695 631 1756 ab
655 1695 795 1756 Ouidiana
817 1697 942 1774 propius
964 1712 1052 1772 quam
1075 1694 1250 1772 aVergiliar

133 1803 228 1858 aetate
250 1785 353 1858 abesse
376 1798 482 1865 sensit;
513 1797 565 1857 sed
588 1804 842 1875 pentametrorum
865 1799 961 1857 exitus
981 1797 1184 1875 Propertianis
1201 1794 1249 1875 (po

134 1905 198 1959 erat
230 1900 319 1959 etiam
347 1898 524 1960 Catullianos
552 1897 661 1978 dicere)
696 1898 789 1958 multo
817 1897 977 1959 similiores
1005 1915 1094 1975 quam
1123 1896 1250 1960 Ovidian

136 2019 202 2060 esse
230 2002 346 2061 monuit
373 2000 592 2076 Hertzbergius
637 2018 670 2060 ac
699 1984 825 2060 dubitari
854 1999 890 2059 de
913 2006 1034 2060 auctore
1057 2017 1145 2078 posse
1168 2017 1250 2063 conce

134 2101 250 2162 demus:
280 2119 348 2162 nam
372 2102 522 2163 Charisius
544 2103 678 2178 quamvis
700 2100 757 2161 hoo
779 2118 897 2180 quoque
918 2100 983 2161 loco
1006 2101 1037 2162 C.
1060 2100 1126 2160 lulli
1148 2101 1250 2164 Romal

134 2205 307 2265 auctoritate
335 2223 408 2264 usus
436 2222 500 2264 esse
527 2208 684 2269 statuatur.
715 2205 795 2263 tertii
817 2223 845 2282 p.
870 2201 939 2264 Chr.
963 2200 1073 2262 saeculi
1099 2203 1186 2262 initio
1208 2207 1250 2280 qui

134 2303 251 2364 habitus
278 2306 329 2374 sit,
363 2323 424 2364 non
451 2305 515 2383 quis
543 2322 649 2382 reapse
676 2304 765 2364 luerit
792 2311 895 2364 auctor
923 2310 1049 2363 testatur
1084 2302 1130 2382 (cl.
1156 2304 1251 2364 Sclrott

134 2405 270 2465 muelleri
293 2406 329 2466 de
351 2405 381 2466 C.
406 2403 493 2465 Plinii
516 2405 647 2465 Secundi
670 2403 753 2465 libris
775 2405 973 2483 grammaticis
996 2423 1025 2482 p.
1041 2400 1084 2464 20
1098 2403 1184 2483 squ).
1220 2425 1250 2466 se

134 2506 227 2566 multo
250 2508 339 2566 etiam
361 2507 537 2567 incertiores
559 2514 642 2574 sunt,
669 2507 760 2566 immo
783 2505 976 2567 fundamento
999 2507 1080 2565 omni
1102 2515 1204 2565 carent
1224 2525 1250 2566 eo

133 2625 202 2668 rum
224 2609 420 2686 opinationes,
446 2608 496 2684 qui
518 2606 564 2667 vel
587 2607 761 2686 Septimium
785 2608 931 2669 Serenum
955 2606 999 2668 vel
1014 2606 1150 2685 Valgium
1166 2606 1250 2668 Ruiun

134 2710 227 2769 luisse
250 2709 384 2773 arbitrati
406 2717 483 2769 sunt.
520 2699 656 2788 inprimis
678 2708 876 2769 memorabilis
899 2718 944 2770 est
959 2728 985 2768 r.
1002 2707 1041 2770 31
1063 2711 1206 2789 repetitus
1227 2728 1250 2768 va

135 2828 152 2869 a
175 2809 333 2888 Calpurnio
357 2811 402 2871 vel
425 2829 461 2870 ex
484 2809 604 2879 eodem,
629 2809 795 2888 Vergiliana
816 2810 945 2871 reddunt
967 2829 992 2871 v.
1017 2806 1057 2870 27
1082 2818 1112 2870 et
1133 2806 1185 2870 35.

220 3114 409 3176 Testimoniis
431 3121 549 3193 praeter
573 3113 717 3176 Donatum
740 3122 770 3175 et
791 3115 925 3176 Servium
949 3123 978 3175 et
999 3116 1117 3175 codices
1139 3114 1176 3175 de
1199 3115 1249 3176 Mo

73 3203 75 3207 ⁷
134 3221 212 3278 reti
236 3226 357 3277 auctore
387 3217 507 3276 omnino
537 3217 670 3277 destituti
698 3235 812 3284 sumus,
842 3218 900 3277 nisi
923 3216 1001 3295 quod
1028 3219 1058 3277 in
1081 3217 1249 3277 Ambrosias

136 3317 238 3378 codice
266 3318 393 3396 quodam
420 3317 527 3377 Mureti
555 3318 589 3378 G.
612 3316 633 3376 l.
658 3319 777 3378 Vossius
805 3318 841 3379 dc
869 3325 949 3398 poet.
974 3319 1023 3379 Gr.
1048 3337 1073 3378 c.
1097 3316 1117 3378 9
1143 3319 1250 3379 lsaacur

135 3418 227 3479 lilium
242 3419 315 3479 haec
330 3419 436 3496 legisse
452 3427 554 3479 narrat
576 3421 778 3480 ‘Parthenius
793 3421 943 3480 Moratum
958 3423 1080 3495 scripsit
1099 3423 1130 3480 in
1147 3423 1250 3481 Graece

135 3537 221 3596 quem
249 3522 395 3596 Virgilius
421 3523 556 3581 imitatus
583 3525 654 3580 est'.
701 3527 730 3580 et
757 3519 815 3599 legi
837 3520 913 3581 hanc
939 3522 1034 3599 ipsam
1063 3523 1196 3581 notitiam
1223 3521 1250 3581 ai

106 3703 108 3708 .
135 3623 197 3681 dito
213 3623 270 3683 Ὗ.
288 3624 390 3683 Amo)
407 3641 497 3683 manu
512 3622 548 3681 ls.
566 3623 661 3682 Vossii
681 3623 711 3681 in
728 3622 888 3701 exemplari
904 3623 1075 3701 appendicis
1091 3622 1250 3700 Vergiliana

135 3723 212 3803 quod
236 3725 267 3782 in
289 3722 360 3783 bibl.
388 3723 481 3783 Leia·
497 3729 542 3783 est
568 3725 646 3783 inter
673 3723 791 3784 codices
814 3741 843 3783 n.
861 3719 923 3783 849
946 3731 1001 3784 cat.
1025 3723 1091 3783 Xlll
1122 3726 1159 3802 (Z
1179 3723 1249 3784 litter

135 3827 249 3903 signato
272 3843 287 3885 a
310 3823 366 3904 me)
390 3825 578 3904 adscriptam,
624 3842 701 3904 quae
722 3826 794 3901 quin
816 3843 883 3884 vera
907 3826 967 3884 sint
980 3824 1134 3885 dubitandi
1157 3844 1250 3887 causat

136 3945 198 3987 esse
220 3933 303 3986 recle
319 3927 436 4003 negarit
450 3925 613 3985 llleinekius
634 3925 710 3985 anal.
726 3925 808 3986 Alex.
825 3943 854 4003 p.
870 3922 941 3994 272,
956 3943 1134 4003 quamquam
1154 3926 1250 3987 creder

136 4045 226 4087 ausus
241 4044 301 4087 non
324 4032 369 4086 est
383 4025 421 4085 M.
438 4025 581 4105 Hauptius
597 4028 628 4086 in
651 4034 762 4104 quaest.
779 4025 881 4087 Catuli.
898 4047 927 4105 p.
943 4024 998 4088 52:
1022 4027 1198 4105 Vergilianis
1213 4048 1250 4089 car

136 4127 264 4188 minibus
290 4134 385 4188 aetate
413 4145 466 4206 par
495 4146 559 4187 esse
581 4128 726 4188 Moratum
755 4121 931 4188 existimavit
959 4128 1166 4190 Laclrnrannus
1188 4130 1249 4190 Luc

135 4247 165 4310 p.
190 4227 268 4300 326,
297 4238 326 4291 et
348 4229 503 4291 commode
524 4227 641 4291 laudato
670 4229 811 4291 Martialis
840 4229 965 4290 disticho
994 4231 1060 4292 lllll
1092 4228 1132 4291 14
1163 4231 1212 4312 (ol.
1239 4233 1250 4291 l

61 4371 65 4380 -
135 4326 187 4404 52,
207 4329 238 4409 5)
1058 4341 1061 4345 ·
