<?xml version="1.0" encoding="UTF-8"?>
<!DOCTYPE html PUBLIC "-//W3C//DTD XHTML 1.0 Transitional//EN"
    "http://www.w3.org/TR/xhtml1/DTD/xhtml1-transitional.dtd">
<html xmlns="http://www.w3.org/1999/xhtml" xml:lang="en" lang="en">
 <head>
  <title>
</title>
<meta http-equiv="Content-Type" content="text/html;charset=utf-8" />
  <meta name='ocr-system' content='tesseract 3.04.00' />
  <meta name='ocr-capabilities' content='ocr_page ocr_carea ocr_par ocr_line ocrx_word'/>
</head>
<body>
  <div class='ocr_page' id='page_1' title='image "./opera07virggoog_0012.png"; bbox 0 0 2820 4770; ppageno 0'>
   <div class='ocr_carea' id='block_1_1' title="bbox 423 1041 854 1140">
    <p class='ocr_par' dir='ltr' id='par_1_1' title="bbox 423 1041 854 1140">
     <span class='ocr_line' id='line_1_1' title="bbox 423 1041 854 1140; baseline -0.007 -16"><span class='ocrx_word' id='word_1_1' title='bbox 423 1041 854 1140; x_wconf 72' lang='lat' dir='ltr'><strong>PRAEFATIO.</strong></span> 
     </span>
    </p>
   </div>
   <div class='ocr_carea' id='block_1_2' title="bbox 63 1407 1209 2105">
    <p class='ocr_par' dir='ltr' id='par_1_2' title="bbox 63 1407 1209 2105">
     <span class='ocr_line' id='line_1_2' title="bbox 150 1407 1209 1497; baseline -0.004 -18"><span class='ocrx_word' id='word_1_2' title='bbox 150 1413 274 1479; x_wconf 91' lang='lat' dir='ltr'>Ultimo</span> <span class='ocrx_word' id='word_1_3' title='bbox 296 1412 372 1476; x_wconf 93' lang='lat' dir='ltr'>huic</span> <span class='ocrx_word' id='word_1_4' title='bbox 386 1410 525 1495; x_wconf 84' lang='lat' dir='ltr'>Vergilii</span> <span class='ocrx_word' id='word_1_5' title='bbox 547 1411 612 1476; x_wconf 89' lang='lat' dir='ltr'>mei</span> <span class='ocrx_word' id='word_1_6' title='bbox 627 1409 785 1476; x_wconf 90' lang='lat' dir='ltr'>volumini</span> <span class='ocrx_word' id='word_1_7' title='bbox 800 1407 881 1473; x_wconf 90' lang='lat' dir='ltr'>nihil</span> <span class='ocrx_word' id='word_1_8' title='bbox 903 1410 972 1474; x_wconf 89' lang='lat' dir='ltr'>fere</span> <span class='ocrx_word' id='word_1_9' title='bbox 993 1411 1097 1475; x_wconf 85' lang='lat' dir='ltr'>habeo</span> <span class='ocrx_word' id='word_1_10' title='bbox 1122 1411 1209 1497; x_wconf 91' lang='lat' dir='ltr'>quod</span> 
     </span>
     <span class='ocr_line' id='line_1_3' title="bbox 64 1509 1208 1600; baseline -0.002 -22"><span class='ocrx_word' id='word_1_11' title='bbox 64 1515 290 1600; x_wconf 85' lang='lat' dir='ltr'>praemittam,</span> <span class='ocrx_word' id='word_1_12' title='bbox 319 1514 384 1576; x_wconf 91' lang='lat' dir='ltr'>nisi</span> <span class='ocrx_word' id='word_1_13' title='bbox 410 1513 496 1577; x_wconf 86' lang='lat' dir='ltr'>forte</span> <span class='ocrx_word' id='word_1_14' title='bbox 524 1511 672 1577; x_wconf 84' lang='lat' dir='ltr'>mihimet</span> <span class='ocrx_word' id='word_1_15' title='bbox 698 1511 762 1597; x_wconf 91' lang='lat' dir='ltr'>ipsi</span> <span class='ocrx_word' id='word_1_16' title='bbox 783 1509 940 1595; x_wconf 89' lang='lat' dir='ltr'>gratulari</span> <span class='ocrx_word' id='word_1_17' title='bbox 962 1512 1049 1575; x_wconf 87' lang='lat' dir='ltr'>ferat</span> <span class='ocrx_word' id='word_1_18' title='bbox 1071 1511 1208 1593; x_wconf 85' lang='lat' dir='ltr'>animus,</span> 
     </span>
     <span class='ocr_line' id='line_1_4' title="bbox 65 1611 1208 1702; baseline -0.006 -20"><span class='ocrx_word' id='word_1_19' title='bbox 65 1616 156 1702; x_wconf 88' lang='lat' dir='ltr'>quod</span> <span class='ocrx_word' id='word_1_20' title='bbox 183 1615 316 1700; x_wconf 92' lang='lat' dir='ltr'>longum</span> <span class='ocrx_word' id='word_1_21' title='bbox 343 1624 377 1679; x_wconf 89' lang='lat' dir='ltr'>et</span> <span class='ocrx_word' id='word_1_22' title='bbox 403 1611 548 1701; x_wconf 83' lang='lat' dir='ltr'>pulveris</span> <span class='ocrx_word' id='word_1_23' title='bbox 577 1615 710 1699; x_wconf 88' lang='lat' dir='ltr'>plenum</span> <span class='ocrx_word' id='word_1_24' title='bbox 737 1633 885 1675; x_wconf 89' lang='lat' dir='ltr'>emensus</span> <span class='ocrx_word' id='word_1_25' title='bbox 915 1633 1066 1697; x_wconf 85' lang='lat' dir='ltr'>campum</span> <span class='ocrx_word' id='word_1_26' title='bbox 1088 1614 1208 1677; x_wconf 90' lang='lat' dir='ltr'>sudans</span> 
     </span>
     <span class='ocr_line' id='line_1_5' title="bbox 65 1712 1208 1800; baseline -0.006 -17"><span class='ocrx_word' id='word_1_27' title='bbox 65 1717 200 1783; x_wconf 87' lang='lat' dir='ltr'>tandem</span> <span class='ocrx_word' id='word_1_28' title='bbox 228 1715 271 1780; x_wconf 90' lang='lat' dir='ltr'>ad</span> <span class='ocrx_word' id='word_1_29' title='bbox 299 1724 419 1780; x_wconf 91' lang='lat' dir='ltr'>metam</span> <span class='ocrx_word' id='word_1_30' title='bbox 450 1715 666 1800; x_wconf 86' lang='lat' dir='ltr'>pervenerim.</span> <span class='ocrx_word' id='word_1_31' title='bbox 710 1735 787 1776; x_wconf 93' lang='lat' dir='ltr'>nam</span> <span class='ocrx_word' id='word_1_32' title='bbox 815 1734 967 1777; x_wconf 89' lang='lat' dir='ltr'>accusare</span> <span class='ocrx_word' id='word_1_33' title='bbox 995 1715 1024 1777; x_wconf 92' lang='lat' dir='ltr'>si</span> <span class='ocrx_word' id='word_1_34' title='bbox 1050 1735 1133 1799; x_wconf 89' lang='lat' dir='ltr'>quae</span> <span class='ocrx_word' id='word_1_35' title='bbox 1155 1712 1208 1780; x_wconf 89' lang='lat' dir='ltr'>vel</span> 
     </span>
     <span class='ocr_line' id='line_1_6' title="bbox 65 1814 1208 1902; baseline -0.002 -22"><span class='ocrx_word' id='word_1_36' title='bbox 65 1817 157 1882; x_wconf 88' lang='lat' dir='ltr'>aliud</span> <span class='ocrx_word' id='word_1_37' title='bbox 180 1818 291 1902; x_wconf 86' lang='lat' dir='ltr'>agenti</span> <span class='ocrx_word' id='word_1_38' title='bbox 318 1816 421 1882; x_wconf 88' lang='lat' dir='ltr'>invito</span> <span class='ocrx_word' id='word_1_39' title='bbox 451 1814 634 1882; x_wconf 81' lang='lat' dir='ltr'>exciderint</span> <span class='ocrx_word' id='word_1_40' title='bbox 660 1814 714 1882; x_wconf 87' lang='lat' dir='ltr'>vel</span> <span class='ocrx_word' id='word_1_41' title='bbox 735 1814 903 1880; x_wconf 86' lang='lat' dir='ltr'>hebetiore</span> <span class='ocrx_word' id='word_1_42' title='bbox 924 1814 1039 1879; x_wconf 90' lang='lat' dir='ltr'>iudicii</span> <span class='ocrx_word' id='word_1_43' title='bbox 1061 1815 1208 1878; x_wconf 85' lang='lat' dir='ltr'>acumine</span> 
     </span>
     <span class='ocr_line' id='line_1_7' title="bbox 65 1915 1207 1983; baseline -0.003 -1"><span class='ocrx_word' id='word_1_44' title='bbox 65 1941 163 1982; x_wconf 89' lang='lat' dir='ltr'>usum</span> <span class='ocrx_word' id='word_1_45' title='bbox 190 1917 368 1982; x_wconf 84' lang='lat' dir='ltr'>fefellerint</span> <span class='ocrx_word' id='word_1_46' title='bbox 390 1927 447 1981; x_wconf 93' lang='lat' dir='ltr'>aut</span> <span class='ocrx_word' id='word_1_47' title='bbox 474 1916 630 1983; x_wconf 87' lang='lat' dir='ltr'>latuerint</span> <span class='ocrx_word' id='word_1_48' title='bbox 657 1939 792 1982; x_wconf 87' lang='lat' dir='ltr'>securus</span> <span class='ocrx_word' id='word_1_49' title='bbox 815 1917 1087 1982; x_wconf 81' lang='lat' dir='ltr'>obtrectatoribus</span> <span class='ocrx_word' id='word_1_50' title='bbox 1109 1915 1207 1980; x_wconf 89' lang='lat' dir='ltr'>relin-</span> 
     </span>
     <span class='ocr_line' id='line_1_8' title="bbox 63 2016 1207 2105; baseline -0.002 -23"><span class='ocrx_word' id='word_1_51' title='bbox 63 2041 182 2105; x_wconf 84' lang='lat' dir='ltr'>quam,</span> <span class='ocrx_word' id='word_1_52' title='bbox 206 2019 261 2104; x_wconf 92' lang='lat' dir='ltr'>qui</span> <span class='ocrx_word' id='word_1_53' title='bbox 283 2027 394 2082; x_wconf 89' lang='lat' dir='ltr'>tamen</span> <span class='ocrx_word' id='word_1_54' title='bbox 415 2026 452 2082; x_wconf 86' lang='lat' dir='ltr'>u&#39;t</span> <span class='ocrx_word' id='word_1_55' title='bbox 474 2016 582 2083; x_wconf 87' lang='lat' dir='ltr'>solent</span> <span class='ocrx_word' id='word_1_56' title='bbox 604 2020 654 2084; x_wconf 90' lang='lat' dir='ltr'>uti</span> <span class='ocrx_word' id='word_1_57' title='bbox 675 2017 788 2082; x_wconf 92' lang='lat' dir='ltr'>labore</span> <span class='ocrx_word' id='word_1_58' title='bbox 810 2016 916 2082; x_wconf 87' lang='lat' dir='ltr'>alieno</span> <span class='ocrx_word' id='word_1_59' title='bbox 939 2019 1089 2104; x_wconf 89' lang='lat' dir='ltr'>quamvis</span> <span class='ocrx_word' id='word_1_60' title='bbox 1113 2017 1207 2081; x_wconf 90' lang='lat' dir='ltr'>silen-</span> 
     </span>
    </p>
   </div>
   <div class='ocr_carea' id='block_1_3' title="bbox 56 2118 1249 4330">
    <p class='ocr_par' dir='ltr' id='par_1_3' title="bbox 56 2118 1249 4330">
     <span class='ocr_line' id='line_1_9' title="bbox 61 2118 1207 2204; baseline -0.003 -20"><span class='ocrx_word' id='word_1_61' title='bbox 61 2121 111 2184; x_wconf 90' lang='lat' dir='ltr'>tio</span> <span class='ocrx_word' id='word_1_62' title='bbox 134 2118 378 2184; x_wconf 82' lang='lat' dir='ltr'>dissimulantes</span> <span class='ocrx_word' id='word_1_63' title='bbox 401 2142 467 2185; x_wconf 93' lang='lat' dir='ltr'>non</span> <span class='ocrx_word' id='word_1_64' title='bbox 483 2118 766 2204; x_wconf 89' lang='lat' dir='ltr'>dedignabuntur:</span> <span class='ocrx_word' id='word_1_65' title='bbox 790 2118 977 2183; x_wconf 83' lang='lat' dir='ltr'>excusanda</span> <span class='ocrx_word' id='word_1_66' title='bbox 998 2119 1033 2182; x_wconf 92' lang='lat' dir='ltr'>in</span> <span class='ocrx_word' id='word_1_67' title='bbox 1054 2118 1117 2183; x_wconf 90' lang='lat' dir='ltr'>hac</span> <span class='ocrx_word' id='word_1_68' title='bbox 1139 2119 1207 2204; x_wconf 89' lang='lat' dir='ltr'>qui·</span> 
     </span>
     <span class='ocr_line' id='line_1_10' title="bbox 61 2219 1207 2306; baseline -0.002 -22"><span class='ocrx_word' id='word_1_69' title='bbox 61 2220 140 2284; x_wconf 91' lang='lat' dir='ltr'>dem</span> <span class='ocrx_word' id='word_1_70' title='bbox 169 2221 276 2306; x_wconf 90' lang='lat' dir='ltr'>operis</span> <span class='ocrx_word' id='word_1_71' title='bbox 305 2230 398 2305; x_wconf 89' lang='lat' dir='ltr'>parte</span> <span class='ocrx_word' id='word_1_72' title='bbox 426 2219 559 2286; x_wconf 90' lang='lat' dir='ltr'>videtur</span> <span class='ocrx_word' id='word_1_73' title='bbox 579 2219 754 2284; x_wconf 90' lang='lat' dir='ltr'>fastidiosa</span> <span class='ocrx_word' id='word_1_74' title='bbox 775 2222 916 2285; x_wconf 88' lang='lat' dir='ltr'>fortasse</span> <span class='ocrx_word' id='word_1_75' title='bbox 939 2220 1136 2305; x_wconf 91' lang='lat' dir='ltr'>quibusdam</span> <span class='ocrx_word' id='word_1_76' title='bbox 1158 2219 1207 2283; x_wconf 87' lang='lat' dir='ltr'>fu-</span> 
     </span>
     <span class='ocr_line' id='line_1_11' title="bbox 59 2319 1206 2407; baseline -0.001 -22"><span class='ocrx_word' id='word_1_77' title='bbox 59 2331 140 2386; x_wconf 87' lang='lat' dir='ltr'>tura</span> <span class='ocrx_word' id='word_1_78' title='bbox 163 2320 309 2386; x_wconf 90' lang='lat' dir='ltr'>sordium</span> <span class='ocrx_word' id='word_1_79' title='bbox 331 2343 373 2386; x_wconf 83' lang='lat' dir='ltr'>ex</span> <span class='ocrx_word' id='word_1_80' title='bbox 393 2321 625 2407; x_wconf 87' lang='lat' dir='ltr'>manuscriptis</span> <span class='ocrx_word' id='word_1_81' title='bbox 653 2321 758 2384; x_wconf 91' lang='lat' dir='ltr'>infimi</span> <span class='ocrx_word' id='word_1_82' title='bbox 780 2322 899 2407; x_wconf 85' lang='lat' dir='ltr'>partim</span> <span class='ocrx_word' id='word_1_83' title='bbox 921 2321 995 2387; x_wconf 88' lang='lat' dir='ltr'>aevi</span> <span class='ocrx_word' id='word_1_84' title='bbox 1016 2319 1109 2386; x_wconf 90' lang='lat' dir='ltr'>libris</span> <span class='ocrx_word' id='word_1_85' title='bbox 1133 2342 1206 2384; x_wconf 93' lang='lat' dir='ltr'>con·</span> 
     </span>
     <span class='ocr_line' id='line_1_12' title="bbox 58 2421 1206 2508; baseline -0.003 -22"><span class='ocrx_word' id='word_1_86' title='bbox 58 2422 225 2489; x_wconf 88' lang='lat' dir='ltr'>lectarum</span> <span class='ocrx_word' id='word_1_87' title='bbox 246 2424 461 2489; x_wconf 86' lang='lat' dir='ltr'>coacervatio.</span> <span class='ocrx_word' id='word_1_88' title='bbox 491 2443 589 2508; x_wconf 86' lang='lat' dir='ltr'>quam</span> <span class='ocrx_word' id='word_1_89' title='bbox 604 2424 659 2508; x_wconf 93' lang='lat' dir='ltr'>qui</span> <span class='ocrx_word' id='word_1_90' title='bbox 680 2444 778 2508; x_wconf 85' lang='lat' dir='ltr'>aegre</span> <span class='ocrx_word' id='word_1_91' title='bbox 799 2423 900 2504; x_wconf 87' lang='lat' dir='ltr'>feret,</span> <span class='ocrx_word' id='word_1_92' title='bbox 924 2445 999 2487; x_wconf 92' lang='lat' dir='ltr'>eum</span> <span class='ocrx_word' id='word_1_93' title='bbox 1021 2422 1064 2487; x_wconf 88' lang='lat' dir='ltr'>ad</span> <span class='ocrx_word' id='word_1_94' title='bbox 1087 2421 1206 2505; x_wconf 86' lang='lat' dir='ltr'>Silligii</span> 
     </span>
     <span class='ocr_line' id='line_1_13' title="bbox 58 2523 1205 2610; baseline 0.001 -24"><span class='ocrx_word' id='word_1_95' title='bbox 58 2524 174 2588; x_wconf 87' lang='lat' dir='ltr'>redire</span> <span class='ocrx_word' id='word_1_96' title='bbox 195 2524 315 2589; x_wconf 89' lang='lat' dir='ltr'>iubebo</span> <span class='ocrx_word' id='word_1_97' title='bbox 344 2523 509 2610; x_wconf 80' lang='lat' dir='ltr'>‘squalem</span> <span class='ocrx_word' id='word_1_98' title='bbox 532 2524 758 2610; x_wconf 85' lang='lat' dir='ltr'>scabremque,</span> <span class='ocrx_word' id='word_1_99' title='bbox 785 2524 942 2590; x_wconf 91' lang='lat' dir='ltr'>inluviem</span> <span class='ocrx_word' id='word_1_100' title='bbox 970 2546 1009 2588; x_wconf 89' lang='lat' dir='ltr'>ac</span> <span class='ocrx_word' id='word_1_101' title='bbox 1030 2523 1205 2589; x_wconf 83' lang='lat' dir='ltr'>vastitudi-</span> 
     </span>
     <span class='ocr_line' id='line_1_14' title="bbox 59 2624 1205 2711; baseline 0 -23"><span class='ocrx_word' id='word_1_102' title='bbox 59 2647 141 2689; x_wconf 90' lang='lat' dir='ltr'>nem</span> <span class='ocrx_word' id='word_1_103' title='bbox 149 2631 171 2708; x_wconf 90' lang='lat'>&#39;,</span> <span class='ocrx_word' id='word_1_104' title='bbox 195 2646 277 2711; x_wconf 90' lang='lat' dir='ltr'>quae</span> <span class='ocrx_word' id='word_1_105' title='bbox 300 2632 409 2688; x_wconf 90' lang='lat' dir='ltr'>tamen</span> <span class='ocrx_word' id='word_1_106' title='bbox 430 2647 496 2689; x_wconf 94' lang='lat' dir='ltr'>non</span> <span class='ocrx_word' id='word_1_107' title='bbox 518 2635 608 2690; x_wconf 85' lang='lat' dir='ltr'>caret</span> <span class='ocrx_word' id='word_1_108' title='bbox 622 2635 750 2690; x_wconf 91' lang='lat' dir='ltr'>tantum</span> <span class='ocrx_word' id='word_1_109' title='bbox 772 2626 976 2710; x_wconf 86' lang='lat' dir='ltr'>gravissimis</span> <span class='ocrx_word' id='word_1_110' title='bbox 999 2624 1205 2706; x_wconf 85' lang='lat' dir='ltr'>testimoniis,</span> 
     </span>
     <span class='ocr_line' id='line_1_15' title="bbox 59 2724 1249 2811; baseline -0.001 -22"><span class='ocrx_word' id='word_1_111' title='bbox 59 2726 123 2791; x_wconf 88' lang='lat' dir='ltr'>sod</span> <span class='ocrx_word' id='word_1_112' title='bbox 145 2727 179 2790; x_wconf 93' lang='lat' dir='ltr'>in</span> <span class='ocrx_word' id='word_1_113' title='bbox 200 2727 274 2811; x_wconf 91' lang='lat' dir='ltr'>ipsa</span> <span class='ocrx_word' id='word_1_114' title='bbox 295 2725 421 2790; x_wconf 89' lang='lat' dir='ltr'>inutilis</span> <span class='ocrx_word' id='word_1_115' title='bbox 443 2727 618 2811; x_wconf 88' lang='lat' dir='ltr'>farraginis</span> <span class='ocrx_word' id='word_1_116' title='bbox 637 2724 842 2792; x_wconf 85' lang='lat' dir='ltr'>abundantia</span> <span class='ocrx_word' id='word_1_117' title='bbox 862 2748 922 2792; x_wconf 88' lang='lat' dir='ltr'>nec</span> <span class='ocrx_word' id='word_1_118' title='bbox 944 2727 1043 2792; x_wconf 89' lang='lat' dir='ltr'>fidem</span> <span class='ocrx_word' id='word_1_119' title='bbox 1064 2734 1207 2790; x_wconf 92' lang='lat' dir='ltr'>meretur</span> <span class='ocrx_word' id='word_1_120' title='bbox 1246 2747 1249 2751; x_wconf 92' lang='lat'>·</span> 
     </span>
     <span class='ocr_line' id='line_1_16' title="bbox 57 2826 1206 2914; baseline -0.001 -24"><span class='ocrx_word' id='word_1_121' title='bbox 57 2849 124 2892; x_wconf 89' lang='lat' dir='ltr'>nec</span> <span class='ocrx_word' id='word_1_122' title='bbox 152 2827 195 2891; x_wconf 89' lang='lat' dir='ltr'>ad</span> <span class='ocrx_word' id='word_1_123' title='bbox 221 2848 315 2890; x_wconf 91' lang='lat' dir='ltr'>usum</span> <span class='ocrx_word' id='word_1_124' title='bbox 343 2826 514 2892; x_wconf 86' lang='lat' dir='ltr'>commoda</span> <span class='ocrx_word' id='word_1_125' title='bbox 541 2837 575 2893; x_wconf 88' lang='lat' dir='ltr'>et</span> <span class='ocrx_word' id='word_1_126' title='bbox 595 2828 769 2914; x_wconf 90' lang='lat' dir='ltr'>perspicua</span> <span class='ocrx_word' id='word_1_127' title='bbox 790 2836 851 2892; x_wconf 87' lang='lat' dir='ltr'>est.</span> <span class='ocrx_word' id='word_1_128' title='bbox 894 2850 954 2913; x_wconf 90' lang='lat' dir='ltr'>ego</span> <span class='ocrx_word' id='word_1_129' title='bbox 977 2849 1057 2914; x_wconf 89' lang='lat' dir='ltr'>quos</span> <span class='ocrx_word' id='word_1_130' title='bbox 1082 2826 1206 2893; x_wconf 92' lang='lat' dir='ltr'>contuli</span> 
     </span>
     <span class='ocr_line' id='line_1_17' title="bbox 56 2927 1205 3014; baseline 0.003 -22"><span class='ocrx_word' id='word_1_131' title='bbox 56 2928 193 2992; x_wconf 87' lang='lat' dir='ltr'>codices</span> <span class='ocrx_word' id='word_1_132' title='bbox 215 2927 263 3011; x_wconf 90' lang='lat' dir='ltr'>(et</span> <span class='ocrx_word' id='word_1_133' title='bbox 291 2949 385 3012; x_wconf 89' lang='lat' dir='ltr'>spero</span> <span class='ocrx_word' id='word_1_134' title='bbox 407 2927 461 2994; x_wconf 83' lang='lat' dir='ltr'>vel</span> <span class='ocrx_word' id='word_1_135' title='bbox 482 2928 610 2994; x_wconf 89' lang='lat' dir='ltr'>confido</span> <span class='ocrx_word' id='word_1_136' title='bbox 639 2951 693 2994; x_wconf 93' lang='lat' dir='ltr'>eos</span> <span class='ocrx_word' id='word_1_137' title='bbox 721 2929 839 3011; x_wconf 91' lang='lat' dir='ltr'>etiam,</span> <span class='ocrx_word' id='word_1_138' title='bbox 863 2928 918 3014; x_wconf 92' lang='lat' dir='ltr'>qui</span> <span class='ocrx_word' id='word_1_139' title='bbox 939 2951 1012 2994; x_wconf 88' lang='lat' dir='ltr'>mea</span> <span class='ocrx_word' id='word_1_140' title='bbox 1033 2929 1141 3014; x_wconf 87' lang='lat' dir='ltr'>gratia</span> <span class='ocrx_word' id='word_1_141' title='bbox 1163 2929 1205 2995; x_wconf 89' lang='lat' dir='ltr'>ab</span> 
     </span>
     <span class='ocr_line' id='line_1_18' title="bbox 58 3028 1206 3116; baseline -0.001 -22"><span class='ocrx_word' id='word_1_142' title='bbox 58 3030 139 3094; x_wconf 86' lang='lat' dir='ltr'>aliis</span> <span class='ocrx_word' id='word_1_143' title='bbox 167 3028 352 3093; x_wconf 88' lang='lat' dir='ltr'>hominibus</span> <span class='ocrx_word' id='word_1_144' title='bbox 381 3028 485 3094; x_wconf 90' lang='lat' dir='ltr'>doctis</span> <span class='ocrx_word' id='word_1_145' title='bbox 514 3040 611 3116; x_wconf 92' lang='lat' dir='ltr'>atque</span> <span class='ocrx_word' id='word_1_146' title='bbox 633 3031 793 3094; x_wconf 89' lang='lat' dir='ltr'>accuratis</span> <span class='ocrx_word' id='word_1_147' title='bbox 817 3029 937 3095; x_wconf 90' lang='lat' dir='ltr'>conlati</span> <span class='ocrx_word' id='word_1_148' title='bbox 960 3030 1049 3114; x_wconf 86' lang='lat' dir='ltr'>sunt)</span> <span class='ocrx_word' id='word_1_149' title='bbox 1072 3031 1138 3093; x_wconf 93' lang='lat' dir='ltr'>iam</span> <span class='ocrx_word' id='word_1_150' title='bbox 1159 3031 1206 3094; x_wconf 92' lang='lat' dir='ltr'>ita</span> 
     </span>
     <span class='ocr_line' id='line_1_19' title="bbox 58 3129 1205 3217; baseline 0.002 -23"><span class='ocrx_word' id='word_1_151' title='bbox 58 3139 178 3217; x_wconf 89' lang='lat' dir='ltr'>patent</span> <span class='ocrx_word' id='word_1_152' title='bbox 198 3129 334 3193; x_wconf 90' lang='lat' dir='ltr'>curiosis</span> <span class='ocrx_word' id='word_1_153' title='bbox 357 3130 501 3213; x_wconf 85' lang='lat' dir='ltr'>artisque</span> <span class='ocrx_word' id='word_1_154' title='bbox 522 3131 656 3197; x_wconf 89' lang='lat' dir='ltr'>criticae</span> <span class='ocrx_word' id='word_1_155' title='bbox 679 3130 812 3216; x_wconf 89' lang='lat' dir='ltr'>peritis,</span> <span class='ocrx_word' id='word_1_156' title='bbox 835 3141 872 3196; x_wconf 92' lang='lat' dir='ltr'>ut</span> <span class='ocrx_word' id='word_1_157' title='bbox 892 3131 971 3216; x_wconf 92' lang='lat' dir='ltr'>quid</span> <span class='ocrx_word' id='word_1_158' title='bbox 985 3132 1031 3196; x_wconf 92' lang='lat' dir='ltr'>eis</span> <span class='ocrx_word' id='word_1_159' title='bbox 1047 3131 1205 3196; x_wconf 91' lang='lat' dir='ltr'>traditum</span> 
     </span>
     <span class='ocr_line' id='line_1_20' title="bbox 58 3228 1204 3318; baseline 0.002 -23"><span class='ocrx_word' id='word_1_160' title='bbox 58 3234 105 3296; x_wconf 88' lang='lat' dir='ltr'>sit</span> <span class='ocrx_word' id='word_1_161' title='bbox 129 3231 290 3297; x_wconf 90' lang='lat' dir='ltr'>dubitatio</span> <span class='ocrx_word' id='word_1_162' title='bbox 313 3228 403 3295; x_wconf 88' lang='lat' dir='ltr'>nulla</span> <span class='ocrx_word' id='word_1_163' title='bbox 425 3231 639 3318; x_wconf 87' lang='lat' dir='ltr'>relinquatur,</span> <span class='ocrx_word' id='word_1_164' title='bbox 662 3230 759 3297; x_wconf 90' lang='lat' dir='ltr'>modo</span> <span class='ocrx_word' id='word_1_165' title='bbox 781 3241 931 3312; x_wconf 87' lang='lat' dir='ltr'>teneant,</span> <span class='ocrx_word' id='word_1_166' title='bbox 960 3232 1048 3317; x_wconf 92' lang='lat' dir='ltr'>quod</span> <span class='ocrx_word' id='word_1_167' title='bbox 1070 3254 1204 3297; x_wconf 78' lang='lat' dir='ltr'>consue.-</span> 
     </span>
     <span class='ocr_line' id='line_1_21' title="bbox 58 3331 1204 3420; baseline 0.001 -23"><span class='ocrx_word' id='word_1_168' title='bbox 58 3333 179 3398; x_wconf 90' lang='lat' dir='ltr'>tudinc</span> <span class='ocrx_word' id='word_1_169' title='bbox 210 3331 336 3417; x_wconf 89' lang='lat' dir='ltr'>pridem</span> <span class='ocrx_word' id='word_1_170' title='bbox 369 3346 538 3418; x_wconf 89' lang='lat' dir='ltr'>receptum</span> <span class='ocrx_word' id='word_1_171' title='bbox 569 3342 667 3419; x_wconf 89' lang='lat' dir='ltr'>atque</span> <span class='ocrx_word' id='word_1_172' title='bbox 700 3333 874 3419; x_wconf 85' lang='lat' dir='ltr'>probatum</span> <span class='ocrx_word' id='word_1_173' title='bbox 907 3340 975 3413; x_wconf 89' lang='lat' dir='ltr'>est,</span> <span class='ocrx_word' id='word_1_174' title='bbox 1008 3333 1204 3420; x_wconf 90' lang='lat' dir='ltr'>ubicumque</span> 
     </span>
     <span class='ocr_line' id='line_1_22' title="bbox 58 3433 1204 3521; baseline 0.002 -23"><span class='ocrx_word' id='word_1_175' title='bbox 58 3444 173 3515; x_wconf 88' lang='lat' dir='ltr'>taceo,</span> <span class='ocrx_word' id='word_1_176' title='bbox 197 3434 378 3497; x_wconf 89' lang='lat' dir='ltr'>consentire</span> <span class='ocrx_word' id='word_1_177' title='bbox 400 3433 559 3500; x_wconf 89' lang='lat' dir='ltr'>librorum</span> <span class='ocrx_word' id='word_1_178' title='bbox 581 3434 770 3500; x_wconf 89' lang='lat' dir='ltr'>memoriam</span> <span class='ocrx_word' id='word_1_179' title='bbox 791 3456 866 3500; x_wconf 87' lang='lat' dir='ltr'>cum</span> <span class='ocrx_word' id='word_1_180' title='bbox 888 3441 982 3498; x_wconf 84' lang='lat' dir='ltr'>textu</span> <span class='ocrx_word' id='word_1_181' title='bbox 1004 3456 1086 3498; x_wconf 86' lang='lat' dir='ltr'>meo.</span> <span class='ocrx_word' id='word_1_182' title='bbox 1117 3437 1204 3521; x_wconf 92' lang='lat' dir='ltr'>quod</span> 
     </span>
     <span class='ocr_line' id='line_1_23' title="bbox 59 3533 1204 3623; baseline 0 -25"><span class='ocrx_word' id='word_1_183' title='bbox 59 3558 177 3609; x_wconf 85' lang='lat' dir='ltr'>moneo</span> <span class='ocrx_word' id='word_1_184' title='bbox 199 3542 333 3620; x_wconf 90' lang='lat' dir='ltr'>propter</span> <span class='ocrx_word' id='word_1_185' title='bbox 354 3533 521 3623; x_wconf 80' lang='lat' dir='ltr'>Neuium,</span> <span class='ocrx_word' id='word_1_186' title='bbox 534 3537 590 3621; x_wconf 95' lang='lat' dir='ltr'>qui</span> <span class='ocrx_word' id='word_1_187' title='bbox 612 3537 645 3600; x_wconf 83' lang='lat' dir='ltr'>in</span> <span class='ocrx_word' id='word_1_188' title='bbox 666 3536 899 3621; x_wconf 87' lang='lat' dir='ltr'>grammaticae</span> <span class='ocrx_word' id='word_1_189' title='bbox 921 3535 1059 3601; x_wconf 89' lang='lat' dir='ltr'>Latinae</span> <span class='ocrx_word' id='word_1_190' title='bbox 1080 3534 1145 3601; x_wconf 89' lang='lat' dir='ltr'>vol.</span> <span class='ocrx_word' id='word_1_191' title='bbox 1168 3534 1204 3598; x_wconf 93' lang='grc' dir='ltr'>ΙΙ</span> 
     </span>
     <span class='ocr_line' id='line_1_24' title="bbox 59 3633 1203 3723; baseline 0.002 -23"><span class='ocrx_word' id='word_1_192' title='bbox 59 3661 93 3722; x_wconf 92' lang='lat' dir='ltr'>p.</span> <span class='ocrx_word' id='word_1_193' title='bbox 124 3637 187 3700; x_wconf 79' lang='lat'>496</span> <span class='ocrx_word' id='word_1_194' title='bbox 216 3633 396 3700; x_wconf 86' lang='lat' dir='ltr'>desiderari</span> <span class='ocrx_word' id='word_1_195' title='bbox 423 3638 546 3721; x_wconf 88' lang='lat' dir='ltr'>passim</span> <span class='ocrx_word' id='word_1_196' title='bbox 573 3638 609 3701; x_wconf 94' lang='lat' dir='ltr'>in</span> <span class='ocrx_word' id='word_1_197' title='bbox 635 3637 803 3703; x_wconf 89' lang='lat' dir='ltr'>variarum</span> <span class='ocrx_word' id='word_1_198' title='bbox 830 3635 1008 3702; x_wconf 90' lang='lat' dir='ltr'>lectionum</span> <span class='ocrx_word' id='word_1_199' title='bbox 1042 3647 1203 3723; x_wconf 87' lang='lat' dir='ltr'>apparatu</span> 
     </span>
     <span class='ocr_line' id='line_1_25' title="bbox 59 3737 1203 3825; baseline 0.001 -24"><span class='ocrx_word' id='word_1_200' title='bbox 59 3761 135 3802; x_wconf 90' lang='lat' dir='ltr'>mco</span> <span class='ocrx_word' id='word_1_201' title='bbox 158 3745 280 3803; x_wconf 89' lang='lat' dir='ltr'>certam</span> <span class='ocrx_word' id='word_1_202' title='bbox 301 3737 453 3802; x_wconf 90' lang='lat' dir='ltr'>notitiam</span> <span class='ocrx_word' id='word_1_203' title='bbox 475 3738 624 3802; x_wconf 91' lang='lat' dir='ltr'>inmerito</span> <span class='ocrx_word' id='word_1_204' title='bbox 651 3740 807 3825; x_wconf 90' lang='lat' dir='ltr'>queritur.</span> <span class='ocrx_word' id='word_1_205' title='bbox 851 3760 891 3802; x_wconf 90' lang='lat' dir='ltr'>ac</span> <span class='ocrx_word' id='word_1_206' title='bbox 914 3737 1117 3822; x_wconf 87' lang='lat' dir='ltr'>diligentiam</span> <span class='ocrx_word' id='word_1_207' title='bbox 1140 3761 1203 3824; x_wconf 89' lang='lat' dir='ltr'>qua</span> 
     </span>
     <span class='ocr_line' id='line_1_26' title="bbox 63 3837 1202 3921; baseline 0.002 -19"><span class='ocrx_word' id='word_1_208' title='bbox 63 3843 207 3904; x_wconf 79' lang='lat' dir='ltr'>Tbaaaet</span> <span class='ocrx_word' id='word_1_209' title='bbox 227 3837 349 3903; x_wconf 90' lang='lat' dir='ltr'>codicis</span> <span class='ocrx_word' id='word_1_210' title='bbox 371 3840 480 3904; x_wconf 86' lang='lat' dir='ltr'>varias</span> <span class='ocrx_word' id='word_1_211' title='bbox 502 3839 657 3904; x_wconf 88' lang='lat' dir='ltr'>lectiones</span> <span class='ocrx_word' id='word_1_212' title='bbox 675 3839 881 3906; x_wconf 85' lang='lat' dir='ltr'>Froehnerus</span> <span class='ocrx_word' id='word_1_213' title='bbox 904 3840 1052 3905; x_wconf 81' lang='lat' dir='ltr'>enotavit</span> <span class='ocrx_word' id='word_1_214' title='bbox 1073 3861 1202 3921; x_wconf 87' lang='lat' dir='ltr'>magno·</span> 
     </span>
     <span class='ocr_line' id='line_1_27' title="bbox 60 3937 1202 4027; baseline 0 -24"><span class='ocrx_word' id='word_1_215' title='bbox 60 3962 141 4026; x_wconf 88' lang='lat' dir='ltr'>pere</span> <span class='ocrx_word' id='word_1_216' title='bbox 169 3937 352 4003; x_wconf 89' lang='lat' dir='ltr'>confirmari</span> <span class='ocrx_word' id='word_1_217' title='bbox 375 3939 514 4005; x_wconf 89' lang='lat' dir='ltr'>lactatus</span> <span class='ocrx_word' id='word_1_218' title='bbox 544 3963 616 4004; x_wconf 90' lang='lat' dir='ltr'>sum</span> <span class='ocrx_word' id='word_1_219' title='bbox 637 3944 683 4006; x_wconf 90' lang='lat' dir='ltr'>eis</span> <span class='ocrx_word' id='word_1_220' title='bbox 694 3990 704 4023; x_wconf 90' lang='lat'>,</span> <span class='ocrx_word' id='word_1_221' title='bbox 732 3963 815 4027; x_wconf 90' lang='lat' dir='ltr'>quae</span> <span class='ocrx_word' id='word_1_222' title='bbox 842 3963 885 4005; x_wconf 86' lang='lat' dir='ltr'>ex</span> <span class='ocrx_word' id='word_1_223' title='bbox 907 3940 1021 4005; x_wconf 88' lang='lat' dir='ltr'>eodem</span> <span class='ocrx_word' id='word_1_224' title='bbox 1050 3940 1132 4004; x_wconf 92' lang='lat' dir='ltr'>libro</span> <span class='ocrx_word' id='word_1_225' title='bbox 1160 3940 1202 4004; x_wconf 90' lang='lat' dir='ltr'>ad</span> 
     </span>
     <span class='ocr_line' id='line_1_28' title="bbox 60 4039 1201 4126; baseline 0.001 -22"><span class='ocrx_word' id='word_1_226' title='bbox 60 4049 202 4105; x_wconf 84' lang='lat' dir='ltr'>rosarum</span> <span class='ocrx_word' id='word_1_227' title='bbox 225 4062 356 4105; x_wconf 90' lang='lat' dir='ltr'>carmen</span> <span class='ocrx_word' id='word_1_228' title='bbox 378 4050 411 4106; x_wconf 89' lang='lat' dir='ltr'>et</span> <span class='ocrx_word' id='word_1_229' title='bbox 433 4042 477 4107; x_wconf 89' lang='lat' dir='ltr'>ad</span> <span class='ocrx_word' id='word_1_230' title='bbox 496 4042 676 4109; x_wconf 83' lang='lat' dir='ltr'>versiculos</span> <span class='ocrx_word' id='word_1_231' title='bbox 703 4042 743 4107; x_wconf 91' lang='lat' dir='ltr'>de</span> <span class='ocrx_word' id='word_1_232' title='bbox 763 4054 808 4107; x_wconf 84' lang='lat' dir='ltr'>est</span> <span class='ocrx_word' id='word_1_233' title='bbox 829 4054 858 4106; x_wconf 84' lang='lat' dir='ltr'>et</span> <span class='ocrx_word' id='word_1_234' title='bbox 879 4064 938 4107; x_wconf 85' lang='lat' dir='ltr'>non</span> <span class='ocrx_word' id='word_1_235' title='bbox 966 4039 1201 4126; x_wconf 87' lang='lat' dir='ltr'>monosyllabis</span> 
     </span>
     <span class='ocr_line' id='line_1_29' title="bbox 61 4141 1202 4228; baseline 0 -23"><span class='ocrx_word' id='word_1_236' title='bbox 61 4142 168 4228; x_wconf 90' lang='lat' dir='ltr'>deque</span> <span class='ocrx_word' id='word_1_237' title='bbox 200 4141 403 4208; x_wconf 89' lang='lat' dir='ltr'>institutione</span> <span class='ocrx_word' id='word_1_238' title='bbox 431 4149 492 4207; x_wconf 80' lang='lat' dir='ltr'>oiri</span> <span class='ocrx_word' id='word_1_239' title='bbox 516 4149 588 4208; x_wconf 80' lang='lat' dir='ltr'>boni</span> <span class='ocrx_word' id='word_1_240' title='bbox 618 4144 681 4210; x_wconf 91' lang='lat' dir='ltr'>sibi</span> <span class='ocrx_word' id='word_1_241' title='bbox 707 4143 843 4208; x_wconf 90' lang='lat' dir='ltr'>collecta</span> <span class='ocrx_word' id='word_1_242' title='bbox 868 4142 1049 4209; x_wconf 87' lang='lat' dir='ltr'>liberaliter</span> <span class='ocrx_word' id='word_1_243' title='bbox 1076 4163 1202 4206; x_wconf 91' lang='lat' dir='ltr'>mecum</span> 
     </span>
     <span class='ocr_line' id='line_1_30' title="bbox 61 4242 1202 4330; baseline 0.003 -24"><span class='ocrx_word' id='word_1_244' title='bbox 61 4244 317 4311; x_wconf 87' lang='lat' dir='ltr'>communicavit</span> <span class='ocrx_word' id='word_1_245' title='bbox 338 4249 515 4309; x_wconf 76' lang='lat' dir='ltr'>Alexander</span> <span class='ocrx_word' id='word_1_246' title='bbox 537 4251 642 4310; x_wconf 75' lang='lat' dir='ltr'>Riese:</span> <span class='ocrx_word' id='word_1_247' title='bbox 664 4244 746 4311; x_wconf 89' lang='lat' dir='ltr'>adeo</span> <span class='ocrx_word' id='word_1_248' title='bbox 770 4245 857 4309; x_wconf 93' lang='lat' dir='ltr'>enim</span> <span class='ocrx_word' id='word_1_249' title='bbox 879 4247 955 4309; x_wconf 80' lang='lat' dir='ltr'>cum‘</span> <span class='ocrx_word' id='word_1_250' title='bbox 974 4242 1039 4308; x_wconf 93' lang='lat' dir='ltr'>illis</span> <span class='ocrx_word' id='word_1_251' title='bbox 1064 4266 1202 4330; x_wconf 82' lang='lat' dir='ltr'>congru-</span> 
     </span>
    </p>
   </div>
   <div class='ocr_carea' id='block_1_4' title="bbox 0 0 1414 4770">
    <p class='ocr_par' dir='ltr' id='par_1_4' title="bbox 0 0 1414 4770">
     <span class='ocr_line' id='line_1_31' title="bbox 0 0 1414 4770; baseline 0 2"><span class='ocrx_word' id='word_1_252' title='bbox 0 0 1414 4770; x_wconf 95' lang='lat' dir='ltr'> </span> 
     </span>
    </p>
   </div>
  </div>
 </body>
</html>
